2577 3633
302 180 379 218 152

229 267 304 290 non
333 267 461 291 omnes
491 253 704 291 orientales
745 265 1001 305 secesserunt,
1039 259 1102 294 sed
1131 258 1337 309 Thraciae,

227 305 464 354 Palaestinae,
508 306 664 346 Arabiae
682 337 692 355 ,
735 309 913 361 AEgypti,
955 310 989 347 δε
1018 311 1337 364 Constantinopoli

226 359 342 396 vicini
372 359 580 412 Episcopi,
609 362 677 413 qui
707 370 805 399 certe
834 363 1046 402 Orientales
1075 373 1206 414 erant,
1236 367 1336 405 Con-

225 410 316 449 cilio
344 413 536 464 suffragati
566 423 676 463 sunt,
716 424 755 453 ut
782 425 920 453 constat
949 429 993 453 ex
1024 417 1181 468 epistola
1208 419 1333 472 Syno-

223 464 309 502 dica
338 464 511 517 ejusdem
536 467 728 516 concilii,
770 469 872 521 quod
902 471 1015 509 etiam
1057 472 1215 511 confessi
1245 483 1330 512 sunt

223 516 354 556 Ariani
383 521 457 571 ipsi
473 522 677 573 transfugae
707 523 746 559 in
775 523 884 573 epist.
915 523 1221 577 pseudo-Synodi
1242 525 1331 565 Phi.

222 569 510 625 lippopolitanae
555 579 569 626 (
600 575 699 626 apud
729 574 769 611 S.
800 574 996 614 Hilarium
1039 578 1078 614 in
1107 576 1331 631 Fragmen,

219 628 268 661 tis
299 627 311 674 )
343 626 531 665 dicentes:
578 631 782 667 immensa
811 628 1015 667 multitudo
1044 629 1330 682 Episcoporum

218 678 522 717 adventantium
565 681 613 718 de
663 679 1030 732 Constantinopoli,
1072 685 1121 725 ὠ·
1150 687 1331 728 Alexan„

220 731 309 769 dria
336 733 532 785 confluxit
563 733 777 774 Sardicam
801 765 812 783 ,
854 736 904 776 <92
933 750 998 775 eos
1027 751 1166 776 omnes
1193 753 1329 778 secum

217 788 398 824 collectos
440 786 659 825 habuerunt
696 787 835 837 Θείας,
864 789 913 829 (9¹.
944 790 1185 843 Protogenes
1205 823 1215 842 ,
1259 795 1328 845 qui

215 838 358 876 scilicet
387 838 595 878 Athanasio
616 871 626 890 ,
657 841 818 894 aliisque
846 845 1203 894 patrocinabantur.

269 891 333 931 61.
364 892 457 944 Obj.
487 895 642 946 prime,
689 894 874 948 Epi-scopi
912 897 1123 937 Orientales
1164 913 1328 937 numero

213 946 365 984 circiter
393 945 459 986 80.
489 961 561 986 non
591 947 734 1001 absque
763 963 875 991 cansa
903 966 926 991 a
947 951 1107 1004 'Synodo
1150 954 1324 992 discesse-

214 1009 318 1046 runt;
348 1001 679 1052 conquerebantur
700 1003 799 1040 enim
817 1033 829 1052 ,
858 1004 907 1046 ab
928 1005 1013 1043 aliis
1033 1006 1148 1043 fuisse
1165 1008 1201 1045 in
1221 1021 1325 1045 com-

210 1056 435 1092 munionem
465 1066 631 1107 receptos
661 1055 910 1096 Athanasium
930 1089 940 1106 ,
984 1059 1216 1098 Marcellum
1234 1090 1244 1108 ,
1282 1075 1326 1098 ac

209 1115 350 1144 ce0eros
378 1107 586 1161 Episcopos
627 1109 707 1160 jam
737 1112 778 1148 in
807 1111 884 1149 alia
913 1112 1064 1164 Synodo
1108 1124 1325 1152 exauctora-

207 1167 256 1197 to}
278 1186 289 1197 .
333 1160 469 1212 ‹Equas
498 1172 625 1200 autem
655 1164 770 1201 fuisse
799 1163 909 1203 hasce
951 1168 1234 1217 querimonias,
1280 1181 1325 1206 ex

208 1227 251 1249 eu
278 1213 426 1267 liquet,
456 1216 559 1267 quod
587 1229 666 1254 mos
696 1228 772 1255 erat
802 1219 842 1256 in
862 1218 1064 1267 Ecclesia,
1094 1235 1138 1258 ne
1168 1221 1325 1273 Episco—

207 1267 248 1318 pi
278 1268 316 1305 in
346 1270 490 1319 synodo
518 1269 656 1321 dejecti
686 1271 734 1308 ab
764 1271 850 1309 aliis
879 1273 1135 1323 reciperentur
1157 1301 1167 1312 .
1216 1275 1324 1312 Ulte-

205 1320 286 1358 rius
315 1322 553 1373 impossibile
584 1333 688 1371 erat,
736 1338 890 1368 causam
921 1325 1119 1365 Athanasii
1149 1328 1318 1367 Sardicae

204 1377 421 1422 retractari,
451 1376 722 1414 deficientibus
750 1380 1031 1427 monumentis,
1060 1395 1148 1432 quae
1180 1395 1223 1418 ex
1246 1382 1318 1419 Ec-

203 1425 319 1464 clesia
361 1427 623 1466 Alexandrina
674 1431 751 1480 peti
794 1430 1017 1476 deheim-int,-
1063 1434 1318 1485 quamobrem

204 1481 376 1532 quinque
405 1481 587 1533 Episcopi
619 1483 773 1534 Synodo
802 1498 1110 1537 proposuerunt,
1139 1502 1178 1525 se
1206 1502 1316 1539 para-

203 1542 257 1570 tos
286 1548 388 1582 esse,
419 1544 599 1587 tanquam
631 1536 838 1578 calumniae
869 1552 952 1577 reos
982 1555 1001 1577 e
1029 1541 1150 1592 gradu
1178 1541 1316 1592 dejici,

201 1587 231 1625 si
253 1587 451 1629 Athanasii
481 1591 644 1627 crimina
673 1592 1011 1644 nonbprobassent,
1041 1595 1249 1633 dummodo
1265 1598 1318 1634 eis

200 1644 509 1693 permitteretur,
547 1643 755 1697 Episcopos
784 1645 930 1698 aliquot
976 1649 1170 1700 utriusque
1201 1651 1321 1700 partis

199 1696 300 1733 mitti
330 1697 366 1733 in
387 1697 589 1749 AEgyptum
613 1728 624 1746 ,
656 1708 693 1736 ut
723 1699 778 1736 ibi
808 1714 922 1738 cansa
941 1700 1137 1740 Athanasii
1167 1703 1318 1755 plenius

200 1761 485 1800 cognosceretur
507 1778 518 1788 .
546 1752 644 1789 Cum
675 1752 791 1803 igitur
821 1753 904 1791 haec
935 1763 1011 1793 tam
1033 1755 1131 1806 justa
1152 1757 1315 1808 postula-

200 1810 238 1839 ta
267 1803 408 1841 fuerint
437 1819 459 1841 a
489 1803 663 1842 Patribus
692 1806 978 1845 Sardicensibus
1009 1808 1145 1859 rejecta
1164 1839 1174 1857 ,
1204 1824 1317 1863 aequa

200 1855 351 1894 suberat
373 1857 574 1909 Episcopis
595 1858 853 1898 Orientalibus
882 1863 1166 1912 conquerendi,
1197 1863 1230 1899 ἃ
1258 1865 1316 1902 di-

199 1910 374 1947 scedendi
405 1924 517 1947 causa
538 1937 548 1948 .

254 1962 318 2000 52.
352 1962 463 2015 Hesp.
488 1974 689 2017 utramque
709 1968 989 2018 querimoniam
1022 1968 1199 2020 injustam
1222 1971 1315 2008 fuis-

196 2028 260 2061 se;
305 2015 337 2052 ὃ(
366 2018 532 2068 primam
562 2020 749 2069 quidem3
791 2024 884 2072 quia
913 2022 1001 2059 licet
1038 2025 1168 2061 suisset
1198 2023 1314 2062 Atha-

199 2070 325 2106 nasius
357 2084 428 2106 una
459 2085 546 2107 cum
577 2070 661 2108 aliis
703 2072 900 2111 catholicis
929 2075 1131 2128 Episcopis
1176 2079 1212 2114 iu
1242 2077 1314 2129 Sy-

195 2123 302 2159 nodis
332 2122 638 2161 Eusebianorum
668 2139 687 2161 e
715 2126 834 2176 gradu
863 2127 1060 2178 dejectus,
1108 2131 1230 2167 fuerat
1259 2140 1313 2168 ta-

193 2189 282 2214 men
313 2178 349 2213 in
381 2177 536 2229 Synodo
567 2177 737 2217 Romana
766 2180 837 2217 sub
865 2181 970 2219 Julio
1007 2197 1158 2220 summo
1186 2183 1312 2221 Ponti-

194 2228 267 2266 fice
289 2259 298 2277 ,
329 2229 410 2280 ejus
442 2232 654 2269 innocentia
684 2234 863 2284 probata,
895 2236 1111 2277 restitutus.
1139 2239 1314 2289 Cumque

193 2282 318 2334 major
346 2294 445 2322 certe
474 2298 547 2322 non
580 2287 707 2323 fuisset
737 2287 978 2338 Synodorum
1009 2290 1058 2327 ab
1089 2290 1314 2329 Eusebianis

194 2335 441 2386 habitarum,
472 2353 588 2391 quam
620 2338 779 2378 Romani
809 2341 973 2380 Concilii
1004 2347 1229 2392 auctoritas,
1261 2360 1313 2382 ae-

193 2404 313 2441 quum
345 2393 500 2429 omnino
531 2403 634 2441 erat,
666 2403 704 2432 ut
725 2396 903 2446 quoniam
920 2397 1005 2433 haec
1026 2411 1138 2435 causa
1158 2402 1196 2437 in
1216 2400 1312 2436 Con-

195 2444 286 2481 cilio
315 2444 566 2489 OEcnmenico
594 2450 866 2486 retractabatur
884 2481 894 2497 ,
926 2450 1181 2500 Athanasius,
1226 2453 1311 2490 alii-

194 2511 268 2549 que
288 2498 470 2551 Episcopi
500 2501 539 2537 in
561 2500 714 2553 Synodo
744 2503 866 2555 Tyria
895 2505 1085 2553 damnati,
1116 2507 1149 2542 8<
1180 2507 1219 2544 in
1238 2505 1309 2543 Ro-

193 2564 310 2594 mana
339 2554 526 2602 restituti,
569 2556 606 2592 in
636 2555 767 2594 eodeni
804 2559 959 2596 omnino
987 2568 1081 2597 statu
1125 2558 1310 2598 haberen-

196 2612 257 2642 tur
279 2635 290 2653 ,
323 2607 360 2642 in
391 2619 466 2658 quo
495 2617 602 2645 antea
632 2620 735 2647 eraut
753 2641 763 2658 ,
792 2624 991 2665 quousque
1020 2614 1065 2652 de
1096 2614 1186 2666 ipsis
1216 2627 1310 2652 novo

195 2661 371 2697 examine
398 2661 567 2698 instituto
597 2662 709 2714 plene
736 2663 998 2715 judicaretur.

249 2711 314 2750 65.
344 2713 479 2766 'Neque
508 2716 637 2753 minus
658 2716 796 2768 injusta
819 2729 896 2757 erat
918 2721 1036 2759 altera
1052 2721 1310 2760 Orientalium

193 2767 460 2817 querimonia3
490 2769 646 2807 aderant
677 2774 779 2809 enim
809 2774 848 2810 iu
879 2774 1050 2813 Concilio
1068 2775 1311 2824 Athanasius,

195 2819 340 2871 aliique
370 2821 549 2874 Episcopi
579 2826 765 2873 accusati,
809 2836 848 2863 ut
878 2828 1099 2881 interrogari
1139 2839 1313 2882 possent5

195 2873 322 2911 aderat
351 2874 529 2927 Ischyras
556 2888 780 2924 accusator,-
826 2881 980 2920 aderant
1022 2886 1191 2935 quinque
1220 2883 1315 2935 Epi-

197 2928 331 2978 scopi,
373 2930 441 2979 qui
485 2930 523 2966 in
555 2929 766 2970 Mareotide
813 2948 966 2973 causam
998 2936 1195 2975 Athanasii
1233 2938 1313 2988 jam

196 2991 470 3030 cognoverant,
519 2983 552 3019 8(
585 2998 680 3022 unus
722 2988 901 3027 duntaxat
944 2990 1099 3028 deerat:
1147 2991 1181 3031 ὃς
1211 2991 1318 3043 quod·

196 3035 363 3071 maxime
392 3037 709 3078 considerandum
740 3043 890 3080 videtur
912 3074 922 3092 ,
954 3046 1105 3083 fueraut
1134 3047 1178 3083 ad
1196 3059 1309 3097 gene-

197 3085 279 3123 rale
307 3088 512 3127 concilium
534 3090 715 3145 Episcopi
744 3108 874 3134 omnes
903 3098 1077 3147 invitati,
1107 3108 1147 3136 ut
1176 3098 1308 3136 dehac

197 3138 341 3177 celebri
371 3154 482 3196 causa
510 3158 638 3184 coram
658 3149 837 3186 omnibus
867 3150 1088 3202 plenissime
1118 3153 1309 3203 judicare-

197 3200 281 3231 tur:
324 3193 465 3242 injusta
493 3197 607 3246 igitur
636 3212 714 3239 erat
749 3217 1008 3258 quaecumque
1043 3206 1201 3252 dilatio;
1238 3220 1308 3244 nec

200 3247 389 3303 requitatis
418 3248 510 3283 ratio
539 3252 678 3290 sinebit
697 3285 707 3302 ,
747 3266 783 3294 ut
814 3259 950 3297 evitato
981 3260 1145 3312 plenarii
1173 3261 1309 3298 Conci·

198 3301 243 3337 ]ii
273 3300 446 3350 judicit),
476 3314 533 3339 res
563 3309 692 3354 paucis
710 3309 907 3364 Episcopis
936 3314 1310 3365 committereturju-

199 3354 359 3391 dicanda
379 3379 391 3391 .

258 3406 323 3454 64.
353 3406 427 3450 Sed
456 3421 547 3450 vera
576 3410 809 3454 discessionis
838 3430 950 3458 causa
977 3418 1058 3472 jam
1088 3422 1262 3474 superius
1288 3435 1312 3460 a

968 179 1373 229 Disssstt'rA'rlo
1412 185 1491 228 IV.
1549 184 1677 230 CAP.
1710 184 1787 229 111.

1407 264 1515 302 nobis
1535 264 1694 315 allegata
1714 263 1785 301 fuit
1805 288 1817 300 .
1846 263 1959 311 Quod
1978 265 2071 303 adeo
2090 275 2237 306 certum
2257 277 2335 317 est,
2367 275 2407 306 ut
2426 283 2516 308 cum

1407 316 1512 354 allati
1542 315 1794 355 Orientalium
1825 326 2028 367 praetextns
2070 319 2149 369 jam
2180 323 2362 360 confutati
2393 338 2415 360 a
2442 324 2516 361 Ca·-

1405 369 1554 408 tholicis
1584 371 1765 417 fuissent,
1807 370 1985 407 dixerunt
2014 373 2192 421 tandem,
2233 376 2306 414 sibi
2336 375 2413 414 alio
2442 378 2518 414 mi-

1401 425 1589 474 grandum
1620 438 1723 470 esse,
1754 422 1802 462 ad
1830 422 2099 464 celebrandam
2129 427 2324 467 victoriam
2343 459 2353 475 ,
2395 442 2516 481 quam

1399 478 1664 517 Constantinus
1687 478 1875 526 Augustus
1895 478 1939 517 de
1957 476 2075 515 Persis
2106 488 2356 530 reportaverat
2374 509 2384 521 .
2424 483 2516 526 Vid.

1401 530 1630 568 Athanasius
1660 531 1699 567 in
1729 528 1881 567 Histor.
1912 531 2157 567 Arianorum
2185 532 2240 571 ad
2269 533 2516 577 [monachos.

1454 583 1519 620 65.
1550 585 1639 621 lust.
1662 583 1955 621 Discedentibus
1979 597 2041 635 70.
2072 584 2131 623 vel
2150 615 2160 633 ,
2193 596 2230 623 ut
2263 586 2331 626 alii
2366 588 2515 638 dicunt,

1401 636 1464 673 8ο.
1497 636 1723 689 Episcopis,
1753 638 1905 677 nonnisi
1927 651 1992 689 90.
2010 667 2020 685 ,
2049 647 2115 675 aut
2141 652 2227 677 roo.
2257 640 2428 678 Sardicae
2459 655 2516 679 re-

1399 690 1627 739 manebant,
1657 692 1725 742 qui
1755 704 1939 728 numerus
1959 690 2113 742 Synodo
2142 697 2394 732 oecumeuicae
2425 708 2516 735 con-

1397 744 1595 781 stituendae
1638 743 1828 782 sufficiens
1857 756 1928 782 non
1958 745 2129 785 videtur:
2171 759 2301 784 omues
2331 749 2435 787 enim
2465 749 2516 787 si-

1395 795 1477 834 mul
1499 799 1649 835 nonnisi
1677 811 1764 849 ¹7⁰·
1795 806 1901 835 erant
1918 828 1928 846 ,
1960 806 2000 834 ut
2019 798 2200 837 discimus
2231 814 2276 838 ex
2297 803 2378 854 ipso
2398 800 2515 841 Atha-

1393 850 1497 888 nasio
1525 852 1564 888 in
1595 850 1702 888 Hist.
1733 851 1876 888 Arion.
1907 866 1944 889 n.
1972 852 2033 889 15.

1446 903 1512 942 66.
1544 903 1654 956 Resp.
1685 904 1787 942 haud
1828 913 1930 942 certo
1975 904 2129 944 definiri
2160 918 2264 957 posse
2305 922 2515 948 numerum

1391 956 1670 1009 Episcoporum
1689 989 1700 1006 ,
1737 958 1805 1010 qui
1834 958 2005 996 Sardicae
2035 959 2082 996 ad
2112 960 2329 1001 Concilium
2373 976 2514 1001 conve-

1392 1020 1554 1058 nerant,
1584 1012 1888 1050 dissentientibus
1918 1013 2017 1049 inter
2046 1027 2084 1050 se
2113 1015 2281 1066 antiquis
2309 1014 2513 1067 Scriptori-

1394 1064 1465 1102 bus
1484 1092 1493 1103 .
1525 1064 1782 1103 Theodoretus
1811 1065 1900 1103 Lib.
1922 1066 1970 1104 ll.
2001 1065 2107 1104 Hist.
2138 1066 2252 1106 Eccl.
2282 1083 2369 1121 cap.
2394 1083 2430 1119 7.
2452 1084 2513 1108 eos

1393 1118 1487 1156 dicit
1516 1119 1629 1156 fuisse
1659 1132 1816 1157 numero
1849 1119 1966 1166 25o.,
2011 1119 2181 1158 Socrates
2225 1136 2314 1159 vero
2344 1123 2432 1161 Lib.
2462 1124 2513 1162 ll.

1393 1169 1501 1208 Hisr.
1530 1170 1645 1209 Eccl.
1674 1187 1760 1224 cap.
1797 1185 1859 1209 20.
1889 1171 1922 1207 8(
1953 1172 2180 1211 sozomenus
2210 1175 2299 1213 Lib.
2328 1177 2392 1214 Ill.
2423 1191 2512 1229 cap.

1400 1238 1459 1263 12.
1490 1238 1551 1263 eos
1579 1225 1764 1276 adaugent
1801 1238 1920 1276 usque
1949 1226 1995 1262 ad
2027 1226 2146 1277 576.;
2190 1228 2343 1266 fortasse
2385 1240 2514 1269 autem

1393 1279 1577 1317 mendum
1598 1277 1713 1316 cubat
1742 1280 1782 1315 in
1813 1279 1982 1315 numeris
1999 1306 2009 1325 ,
2039 1281 2108 1331 qui
2136 1281 2238 1331 apud
2259 1281 2512 1323 Athanasium

1374 1332 1588 1384 leguntur,
1609 1331 1886 1383 exscriptorum
1907 1331 2118 1368 oscitantiae
2138 1333 2384 1372 tribuendum
2402 1351 2413 1382 ς
2434 1337 2512 1374 for·

1387 1396 1480 1424 tasse
1510 1387 1624 1423 etiam
1656 1384 1885 1424 Athanasius
1927 1385 2080 1425 nonnisi
2128 1383 2334 1424 catholicos
2376 1401 2510 1426 recen-

1386 1441 1488 1487 suit,
1517 1440 1664 1477 omissis
1683 1453 1745 1489 70·
1775 1437 1835 1476 vel
1851 1436 1917 1475 80.
1947 1436 2202 1486 Eusebianis,
2233 1439 2509 1493 quiaSynodo

1385 1502 1645 1531 recesserunt.
1688 1493 1786 1530 Sane
1829 1500 1910 1528 tum
1942 1504 1987 1528 ex
2018 1491 2222 1530 Athanasio
2253 1496 2267 1543 (
2298 1494 2339 1530 in
2367 1494 2511 1544 Apolo-

1383 1551 1455 1600 gia.
1483 1557 1623 1584 contra
1655 1546 1829 1583 Arianos
1859 1559 1897 1582 n.
1926 1559 1987 1596 ¹7·
2018 1546 2062 1594 ),
2092 1555 2174 1584 tum
2196 1558 2242 1584 ex
2272 1545 2512 1585 Theodoreto

1387 1606 1402 1653 (
1433 1601 1521 1639 Lib.
1544 1602 1593 1638 ll.
1624 1599 1729 1637 Hm.
1760 1598 1875 1637 Eccl.
1905 1613 1938 1636 c.
1961 1598 1999 1636 8.
2032 1601 2045 1647 )
2077 1601 2278 1649 novimus,
2309 1601 2442 1651 exssss.
2473 1600 2508 1637 δι

1385 1654 1554 1707 atriplius
1583 1654 1794 1706 provinciis
1810 1683 1821 1701 ,
1850 1666 1938 1704 quae
1955 1653 2131 1691 distincte
2152 1664 2395 1692 recensentur
2413 1686 2423 1702 ‚
2454 1655 2506 1693 E-

1385 1710 1559 1761 piscopos
1580 1709 1779 1747 Sardicam
1810 1706 2056 1746 convenisse.
2087 1707 2190 1745 Tum
2223 1707 2365 1745 ibidem
2390 1707 2508 1746 Atha-

1386 1764 1511 1801 nasius
1540 1762 1693 1809 subdit,
1732 1761 1940 1815 plusquam
1964 1760 2057 1800 300.
2086 1761 2296 1813 Episcopos
2325 1761 2509 1803 sibi-suf-

1386 1818 1549 1868 fragatos
1590 1817 1731 1853 fuisse.
1783 1814 1951 1851 Ulterius
1994 1814 2096 1852 idem
2138 1813 2369 1852 Athanasius
2417 1817 2508 1864 ait,

1384 1883 1492 1907 suam
1523 1869 1781 1906 innocentiam
1811 1866 2011 1918 probatam
2040 1866 2123 1917 jam
2151 1867 2268 1905 fuisse
2290 1898 2300 1916 ,
2332 1869 2506 1920 primum

1383 1923 1540 1975 quidem
1571 1923 1610 1959 iu
1640 1936 1708 1959 sua
1738 1921 1935 1972 provincia
1964 1920 2013 1957 ab
2044 1920 2247 1973 Episcopis
2279 1933 2398 1973 prope
2420 1936 2507 1959 cen-

1384 1985 1465 2013 tum
1497 1976 1535 2014 iu
1567 1989 1688 2012 unum
1718 1975 1979 2025 congregatis,
2008 1974 2147 2012 deinde
2179 1973 2310 2012 Romae
2341 1976 2390 2013 ab
2412 1975 2508 2027 Epi-

1383 2018 1505 2081 scdpis
1536 2028 1741 2081 plusquam
1770 2028 2075 2079 quinquaginta,
2107 2028 2313 2066 &tandem
2346 2030 2385 2066 in
2414 2043 2507 2066 mn.-

1379 2096 1465 2135 gnu.
1494 2082 1647 2135 Syuodo
1675 2082 1843 2120 Sardicae
1875 2091 2031 2120 coacta.
2076 2081 2204 2133 lnepte
2235 2095 2387 2133 prorsus
2416 2095 2508 2120 ma-

1380 2149 1509 2188 gnam
1539 2135 1737 2187 Synodum
1776 2134 2038 2174 sardicensem
2081 2133 2307 2186 appellasset
2338 2135 2507 2174 Athana-

1382 2192 1458 2227 sius
1489 2188 1602 2225 relate
1633 2189 1680 2225 ad
1701 2187 2027 2235 Alexandrinam,
2055 2188 2127 2225 nisi
2157 2188 2279 2225 multo
2308 2188 2436 2240 plures
2454 2190 2503 2228 il-

1382 2243 1437 2291 li,
1467 2256 1584 2294 quam
1616 2242 1676 2279 isti
1707 2241 1993 2279 interfuissent.

1437 2296 1502 2348 67.
1533 2297 1712 2333 Ceterum
1743 2303 1952 2346 utcumque
1983 2293 2068 2331 haec
2097 2293 2196 2342 sint,
2234 2294 2382 2333 etiamsi
2413 2310 2507 2334 non-

1383 2351 1457 2389 uisi
1493 2364 1579 2401 170.
1610 2348 1793 2401 Episcopi
1808 2348 1962 2400 Synodo
1976 2346 2196 2386 Sardicensi
2227 2349 2508 2400 interfuissent,

1381 2416 1493 2456 atque
1524 2416 1568 2440 ex
1599 2404 1644 2440 iis
1666 2402 1756 2455 ipsis
1786 2416 1850 2453 70.
1880 2402 2160 2450 discessissent,
2198 2415 2274 2440 non
2304 2413 2506 2455 propterea

1380 2458 1557 2510 Syuodus
1589 2455 1657 2499 illa
1687 2456 1927 2494 oecumenica
1948 2470 2025 2493 esse
2054 2456 2191 2504 desiit,
2219 2465 2302 2493 tuin
2333 2458 2424 2508 quia
2445 2458 2508 2497 isti

1381 2511 1564 2563 Episcopi
1593 2524 1638 2548 ex
1665 2510 1842 2548 omnibus
1872 2510 2006 2550 mundi
2037 2510 2208 2560 partibus
2237 2509 2284 2547 ad
2304 2510 2507 2563 Synodum

1380 2574 1665 2611 couvenerant3
1709 2572 1790 2602 tum
1835 2565 1949 2602 etiam
1980 2565 2073 2615 quia
2117 2562 2276 2601 illorum
2322 2566 2531 2608 sententia¹

1382 2618 1608 2656 confirmata
1650 2628 1778 2670 postea
1821 2618 1893 2655 fuit
1924 2617 1973 2655 ab
2016 2616 2102 2655 aliis
2132 2616 2254 2654 multo
2297 2616 2506 2668 pluribus,

1383 2686 1475 2724 quos
1505 2685 1666 2710 numero
1695 2672 1788 2717 544.
1817 2671 1858 2710 S.
1889 2670 2120 2709 Athanasius
2157 2680 2353 2709 enumerat
2381 2673 2422 2710 in
2452 2672 2507 2709 A·

1383 2726 1458 2777 pol.
1489 2736 1632 2763 contra
1661 2725 1836 2763 Arianos
1866 2739 1976 2763 num.
2000 2726 2065 2763 50.
2475 2777 2485 2785 θ

1435 2779 1501 2817 68.
1532 2780 1626 2829 ΟΜ.
1656 2780 1848 2817 secundo.
1886 2779 2119 2816 Sardicensis
2148 2776 2328 2832 Synodus
2355 2778 2404 2815 ab
2433 2775 2505 2816 Ht-

1381 2832 1479 2870 lario
1521 2835 1559 2870 in
1590 2833 1680 2871 Lib.
1723 2832 1813 2871 adv.
1846 2832 2154 2880 Constantium,
2198 2833 2247 2870 ab
2283 2829 2505 2881 Epiphanio

1383 2885 1539 2924 Hoeresc·
1561 2887 1698 2933 XX1.;
1743 2886 1778 2923 8(
1807 2887 2016 2925 Sozomeuo
2045 2886 2133 2924 Lib.
2154 2886 2221 2923 III.
2249 2883 2356 2921 Hest.
2386 2881 2503 2923 Eccl.

1382 2955 1469 2991 cap.
1493 2954 1552 2978 12.
1584 2950 1740 2979 vocatur
1768 2940 1944 2992 Synodus
1973 2939 2232 2977 occidentalis
2309 2949 2384 2974 non
2414 2950 2504 2989 ergo

1380 3003 1434 3031 est
1463 2996 1702 3032 oecumenica
1720 3020 1730 3032 .
1761 2994 1896 3047 Neque
1926 2994 2067 3039 refert,
2096 2991 2197 3043 quod
2218 2989 2285 3028 ali1
2318 3004 2399 3028 eam
2430 3004 2500 3043 ge-

1376 3048 1560 3086 neralem
1589 3049 1744 3093 dicant3
1787 3057 1929 3088 constat
1957 3047 2060 3084 enim
2090 3046 2205 3081 etiam
2241 3043 2311 3082 hoc
2341 3047 2499 3083 nomino

1377 3103 1493 3140 fuisse
1530 3111 1764 3153 nuncupatas
1793 3101 1968 3154 Synodos
1996 3096 2282 3136 Provinciales.
2325 3097 2424 3136 Nam
2454 3098 2499 3137 S·

1378 3154 1605 3193 Athanasius
1643 3157 1681 3193 in
1711 3157 1842 3194 eadem
1874 3153 2064 3204 Apologia
2111 3153 2302 3204 synodum
2335 3151 2500 3190 Alexan-

1377 3210 1529 3247 drinam
1551 3238 1561 3255 ,
1605 3210 1643 3245 in
1672 3223 1749 3261 qua
1778 3209 1850 3246 fuit
1877 3205 2076 3244 Colluthus
2104 3205 2331 3252 damnatus,
2374 3218 2498 3258 gene-

1379 3264 1510 3300 ralem
1539 3262 1660 3307 dixit3
1691 3262 1724 3298 &
1746 3264 1784 3299 in
1803 3259 2087 3310 Carthaginensi
2111 3259 2178 3296 ΙΙΙ.
2208 3258 2382 3296 Concilio
2409 3273 2497 3309 cap.

1384 3331 1420 3368 7.
1449 3316 1610 3362 dicitur,
1640 3315 1831 3352 celebrari
1851 3316 2171 3352 anniversarium
2192 3311 2411 3350 Concilium
2429 3323 2497 3363 ge-

1380 3369 1546 3407 nerale.
1592 3368 1821 3406 Arelatensis
1850 3369 1963 3406 etiam
1995 3367 2170 3419 Syrio-,ius
2209 3368 2246 3403 iu
2277 3381 2388 3404 causa
2418 3365 2498 3403 Do-

1378 3425 1604 3467 natistarum
1631 3422 1858 3474 generalis,
1889 3422 1922 3459 8<
1951 3422 2138 3475 plenaria.
2166 3420 2267 3459 dicta
2294 3420 2388 3458 fuit.

2381 3471 2448 3523 69.
