2577 3633
783 171 943 218 VISIO
975 171 1078 217 DEI
1112 172 1246 217 NON
1279 171 1646 222 DIFFERTUR.

46 257 217 298 cundum
246 253 421 309 proprias
449 259 628 302 naturas,
677 251 848 307 adeoque
883 262 1053 299 amatas5
1097 252 1159 292 hic

46 313 150 349 enim
179 318 259 347 erat
288 308 371 360 ejus
399 320 550 359 scopus:
578 308 623 346 de
654 309 780 345 medio
808 316 933 346 autem
951 336 963 356 ,
991 319 1068 359 quo
1096 320 1158 344 co-

44 366 160 416 gnitae
191 361 240 400 ab
267 372 408 400 aeterno
438 362 569 409 fuere,
613 361 669 399 ibi
698 360 740 399 S.
770 360 910 400 Doctor
947 373 1024 399 non
1053 361 1158 412 agit3

44 417 108 455 sed
137 427 181 454 ea
210 423 290 453 rata
319 413 460 462 habet,
489 428 577 466 quae
608 415 646 452 in
675 429 741 467 qu.
777 414 838 461 14.
867 414 1070 452 docuerat.

98 468 167 521 98.
195 469 287 506 Inst.
315 466 358 507 S.
387 466 555 506 Thomas
576 468 605 505 Ι.
626 468 668 507 P.
697 477 832 521 quaest.
860 467 920 514 14.
951 476 1022 505 art.
1047 481 1082 518 7.
1112 464 1160 504 ad

46 534 86 561 2.
115 524 223 561 docet
240 551 250 570 ,
281 519 383 573 quod
397 519 508 558 Deus
536 533 618 559 non
647 524 848 574 cognoscit
875 533 944 571 per
964 533 1159 566 causam,

45 579 160 627 quasi
189 579 296 627 prius
324 578 529 626 cognitam
547 606 558 623 ,
600 573 772 624 affectus
802 578 1049 628 incognitos,
1094 572 1162 612 sed

45 643 114 668 eos
142 631 343 681 cognoscit
371 631 413 665 in
441 641 594 670 causa,·
624 641 712 680 ergo
740 628 811 667 Sec.

100 695 168 735 99.
199 680 313 735 Resp.
343 681 430 719 dist.
459 690 539 720 ant.
583 680 653 720 hoc
682 690 734 719 est
763 694 839 719 non
876 681 1066 733 cognoscit
1095 693 1163 732 per

45 734 286 785 discursum,
330 734 604 788 progrediendo
633 735 679 772 de
709 748 748 772 re
776 744 865 773 nota
894 736 939 773 ad
971 736 1134 786 ignotam
1153 763 1163 781 ‚

45 800 189 833 conc.;
217 801 293 827 non
324 789 513 840 cognoscit
541 802 610 840 per
630 802 785 826 causam
805 790 885 826 sine
905 788 1078 825 discursu
1096 799 1163 824 ne-

42 853 124 895 go.
168 842 233 881 Sic
262 841 431 894 explicat
459 842 500 880 S.
530 842 692 888 Doctor,
735 854 755 878 e
785 841 940 892 vestigio
975 840 1164 878 subdens:

46 894 153 934 unde
181 899 353 948 cognitio
380 896 466 947 ejus
484 904 544 933 est
563 898 650 932 sine
670 893 846 931 discursu
858 908 873 938 ,-
900 901 1083 945 quatenus
1103 907 1164 932 eo-

45 949 134 987 dem
153 958 322 1000 tempore
344 946 377 984 &
397 961 552 987 causam
568 945 856 998 comprehendit
873 977 881 994 ,
907 946 946 983 8<
963 945 1163 985 effectum.

46 1001 122 1040 Sed
152 1001 197 1039 de
227 1001 299 1041 hac
328 1003 534 1055 quaestione
562 998 707 1038 consuli
725 1008 879 1051 possunt
899 1001 1044 1052 passim
1060 999 1164 1038 Tho-

45 1064 171 1094 mffllae
188 1081 199 1095 ο

283 1158 318 1196 C
374 1158 407 1197 A
462 1155 492 1196 Ρ
545 1154 584 1196 U
638 1155 676 1196 ’Τ
833 1156 920 1198 VH.

161 1260 226 1304 De
254 1263 386 1305 medio
404 1295 414 1313 ,
444 1268 486 1303 in
514 1277 588 1317 quo
617 1262 729 1303 Deus
745 1263 896 1316 futura
926 1265 1049 1305 libera

385 1318 568 1358 absoluta
598 1323 798 1371 cognoscit
814 1345 826 1358 .

106 1399 502 1474 100.Perd1ffieilis‚
533 1423 568 1462 8(
598 1423 830 1478 perobscura
858 1434 912 1464 est
941 1425 1028 1466 haec
1056 1441 1162 1480 quae-

44 1481 142 1527 stio,
172 1481 217 1517 de
245 1493 322 1531 qua
352 1480 560 1531 Gregorius
590 1479 842 1518 Ariminensis
872 1480 910 1517 in
930 1480 961 1518 Ι.
990 1482 1076 1519 dist.
1099 1481 1165 1520 58.

45 1532 81 1569 St
111 1533 177 1578 40.
207 1531 380 1571 Okamus
399 1563 409 1581 ‚
439 1532 600 1571 Gabriel
631 1531 711 1571 Biel
730 1562 740 1580 ‚
771 1531 915 1585 aliique
942 1546 1019 1571 non
1051 1535 1167 1585 pauci

45 1599 156 1624 suam
187 1587 442 1638 ignorantiam
473 1587 582 1624 fateri
612 1584 835 1623 maluerunt
877 1600 994 1638 quam
1027 1596 1165 1624 temere

47 1639 199 1691 aliquid
229 1640 506 1691 pronunciare3
550 1651 716 1691 quorum
745 1639 967 1690 exemplum
1007 1654 1082 1678 non
1114 1642 1167 1678 ita

49 1693 200 1743 pridem
230 1699 380 1730 secutus
409 1700 460 1729 est
488 1689 618 1730 Petrus
637 1691 759 1730 Collet
789 1690 887 1729 Inst.
908 1689 1025 1730 theol.
1046 1701 1166 1731 tract.

50 1743 99 1782 de
127 1743 216 1782 Deo
257 1754 391 1796 quaest.
424 1745 462 1782 5.
504 1752 576 1781 art.
607 1756 643 1781 2.
687 1742 812 1781 concl-
845 1757 881 1780 2.
926 1744 1016 1781 edit.
1046 1744 1165 1782 Paris.

51 1797 169 1848 1756.
206 1796 256 1835 Et
284 1797 442 1848 quidem
472 1795 505 1833 si
534 1795 695 1848 quaestio
723 1793 808 1832 haec
839 1796 876 1833 in
898 1808 935 1851 se
964 1796 1045 1834 sola
1076 1808 1167 1834 con-

47 1851 258 1896 sideretur,
288 1862 368 1887 non
397 1847 564 1886 multum
593 1849 768 1886 interesse
797 1848 950 1886 videtur
978 1849 1166 1898 definire,

47 1915 218 1956 quonam
247 1904 286 1940 in
316 1901 444 1940 medio
470 1901 576 1940 Deus
619 1902 749 1940 futura
776 1903 1013 1954 prospiciat,
1056 1903 1169 1941 modo

46 1965 203 2005 ratum,
233 1955 434 2008 fixumque
462 1956 530 2004 sit,
574 1953 674 1993 nihil
703 1968 857 2008 prorsus
885 1956 1014 1994 Deum
1043 1957 1166 1995 omni-

51 2011 176 2049 scium
206 2008 350 2048 latere.

108 2077 197 2101 101.
227 2062 299 2101 Sed
330 2062 456 2115 gravis
484 2062 565 2101 sine
592 2061 712 2101 dubio
741 2062 842 2102 facta
883 2071 935 2101 est
964 2060 1080 2116 hujus
1110 2062 1165 2102 rei

49 2115 326 2168 investigandas
358 2118 583 2165 necessitas,
631 2125 861 2169 postquam‘
875 2116 1044 2156 celebres
1086 2117 1167 2155 illae

50 2179 191 2207 exortae
221 2179 306 2208 sunt
336 2171 565 2222 quaestiones
593 2169 638 2208 de
667 2172 800 2221 gratiae
829 2169 1001 2209 efficacia
1019 2196 1029 2208 .
1059 2170 1100 2208 Si
1131 2184 1169 2207 e-

52 2222 136 2259 nim
164 2221 264 2260 nihil
293 2223 386 2261 boni
415 2224 538 2262 acturi
566 2236 724 2272 sumus,
766 2224 841 2262 nisi
870 2223 974 2261 Deus
1004 2225 1169 2262 motione

52 2273 215 2327 physica
232 2304 242 2322 ,
269 2288 318 2312 ex
345 2290 410 2325 se,
439 2277 474 2313 8<
502 2284 642 2315 natura
668 2290 737 2315 sua
767 2275 916 2314 efficaci
936 2288 1002 2314 nos
1024 2276 1071 2315 ad
1099 2275 1168 2314 be—

51 2340 100 2365 ne
129 2328 317 2378 agendum
344 2328 593 2378 determinet,
623 2343 854 2383 consequens
874 2331 1043 2381 profecto
1072 2330 1169 2379 erit,

52 2392 126 2418 non
155 2379 265 2417 aliter
291 2392 410 2430 opera
449 2391 574 2420 nostra
614 2383 718 2422 bona
759 2399 781 2422 a
808 2382 893 2421 Deo
935 2383 1169 2435 praevideri,

49 2446 172 2486 quam
202 2434 242 2471 in
272 2432 494 2472 efficacibus
523 2448 600 2472 suae
630 2435 831 2475 voluntatis
859 2436 1016 2475 decretis
1034 2465 1045 2486 ,
1083 2438 1169 2490 qui-

50 2485 125 2524 bus
154 2488 281 2525 statuit
322 2487 432 2524 nohis
462 2487 629 2525 victricis
671 2503 749 2526 suae
786 2491 920 2540 gratiae
963 2492 1171 2528 motionem

51 2539 247 2577 tribuere.
292 2538 335 2577 Si
365 2552 454 2578 vero
483 2538 654 2578 voluntas
683 2550 809 2579 nostra
838 2542 957 2580 solius
982 2543 1169 2581 versatilis

53 2593 187 2644 gratiae
217 2606 289 2645 ope
318 2594 482 2646 seipsam
512 2594 639 2646 primo
657 2593 905 2642 determinat,
936 2595 1039 2633 Deus
1069 2596 1170 2633 futu-

53 2659 97 2683 ra
125 2659 241 2698 opera
270 2655 395 2684 nostra
433 2646 535 2685 bona
572 2648 612 2685 in
642 2647 801 2685 decretis
843 2661 922 2685 suae
967 2647 1171 2687 voluntatis

54 2699 270 2750 praevidere
299 2713 375 2737 non
404 2708 523 2752 potest
539 2714 550 2746 ;
580 2709 693 2752 atque
720 2700 828 2739 aliud
849 2702 1099 2754 quaerendum
1120 2711 1172 2741 est

55 2752 201 2790 divinae
231 2754 452 2804 cognitionis
482 2753 654 2792 medium
676 2779 687 2791 ·

115 2818 204 2844 102.
230 2805 345 2851 'Hinc
368 2806 581 2859 Theologi,
625 2815 736 2859 prout
766 2808 871 2846 varia
899 2815 984 2846 sunt
1011 2808 1058 2846 de
1086 2823 1172 2861 gra-

57 2857 120 2895 tiae
149 2859 321 2898 efficacia
350 2869 555 2912 systemata
572 2890 582 2909 ,
615 2863 653 2899 iu
681 2862 806 2899 varias
827 2861 956 2900 abiere
975 2865 1172 2901 sententias

59 2909 106 2946 de
134 2913 285 2961 medio,
319 2914 359 2951 in
387 2927 464 2966 quo
494 2914 597 2952 Deus
628 2914 754 2952 futura
783 2917 1033 2967 contingentia
1062 2916 1172 2954 abso—

62 2960 140 3015 luta
167 2968 382 3018 cognoscit.
425 2968 612 3005 Omnium
643 2968 812 3006 maxime
841 2968 1003 3021 simplex
1022 2999 1032 3017 ,
1071 2969 1104 3006 81
1133 2971 1173 3008 111

60 3017 237 3056 omnibus
264 3019 338 3057 sibi
367 3022 628 3069 consentiens,
667 3020 701 3056 &
730 3030 900 3060 constans
929 3031 981 3060 est
1010 3020 1173 3061 'Phomi-

63 3077 206 3107 starum
233 3071 426 3112 doctrina.
463 3075 561 3112 Cum
591 3076 693 3112 enim
723 3074 905 3123 doceant,
934 3073 1033 3114 nihil
1053 3105 1062 3123 ,
1093 3076 1172 3114 sive

63 3123 104 3158 in
135 3124 332 3172 naturali,
361 3127 439 3165 sive
469 3129 506 3165 111
536 3127 818 3180 supernaturali
847 3128 979 3166 ordine
1008 3128 1094 3167 fieri
1123 3130 1171 3167 si-

62 3188 111 3213 ne
140 3174 313 3235 efficaci,
353 3178 388 3214 &
425 3180 582 3233 physica
613 3182 686 3219 Dei
735 3183 1008 3234 praemotione,
1057 3183 1172 3235 idque

64 3237 142 3265 tam
173 3241 211 3266 in
241 3237 335 3266 statu
365 3241 509 3271 naturae
529 3236 738 3274 innocentis
755 3264 765 3283 ,
795 3248 912 3287 quam
935 3236 973 3272 in
995 3244 1087 3274 statu
1106 3250 1174 3273 na-

66 3291 162 3319 turae
194 3281 310 3334 lapsae
330 3313 339 3330 ,
369 3296 635 3338 consequenter
664 3301 742 3326 uno
762 3288 879 3326 verbo
894 3290 1171 3340 pronunciant,

64 3336 194 3373 futura
223 3335 408 3387 quaelibet
435 3336 554 3378 libera
573 3371 583 3389 ,
613 3342 646 3377 8<
675 3343 930 3394 contingentia
959 3357 980 3379 a
1002 3340 1084 3379 Deo
1111 3355 1172 3380 co—

67 3391 192 3439 8110νέ
225 3392 262 3427 in
293 3391 475 3437 1101310113,
505 3393 645 3442 quibus
672 3397 824 3444 statuit,
870 3394 1080 3434 humanam
1111 3409 1173 3436 vo·

2199 186 2280 228 105

1227 252 1412 294 luntatem
1430 286 1439 304 ,
1484 268 1694 309 causasque
1724 255 1974 308 contingentes
2002 260 2051 299 ad
2086 269 2204 300 certos
2234 273 2344 303 actus*

1228 319 1494 358 praeinovere3
1524 311 1773 362 praemotione
1801 313 1902 348 enim
1934 315 2052 363 posita
2070 345 2079 361 ‚
2118 316 2338 356 infallibili-

1227 369 1281 397 ter
1310 363 1552 414 consequitur
1582 373 1683 402 actus
1701 389 1711 402 .
1742 362 1897 405 Peccata
1925 374 2051 405 autem
2080 369 2252 419 cognosci
2281 373 2338 410 di-

1227 422 1318 450 cunt
1334 443 1345 461 ,
1374 423 1454 452 tum
1485 418 1523 454 in
1554 417 1710 456 decretis
1732 418 1901 470 positivis
1922 422 2185 469 praemovendi
2205 424 2341 462 volun-

1228 474 1342 504 tatem
1371 468 1418 504 ad
1447 478 1572 507 actum
1605 470 1843 509 materialem
1888 472 2055 522 peccati,
2098 483 2177 512 tum
2207 477 2247 514 in
2277 478 2340 515 de*

1229 520 1342 557 cretis
1371 522 1602 571 permissivis
1631 523 1792 563 malitiae
1822 523 1869 564 ad
1910 539 2030 577 quam
2060 526 2233 566 voluntas
2270 530 2341 569 hu·

1229 586 1344 611 mana
1375 586 1442 611 sua
1484 579 1724 624 perversitate
1754 578 1898 616 tendit.
1942 577 2024 616 Hoc
2054 577 2342 621 Themis-tarum

1229 634 1392 677 systema
1421 627 1608 677 praeclare
1628 632 1829 681 exponitur
1848 646 1869 668 a
1886 630 2138 671 celeberrimo
2153 631 2345 674 Meldeusi

1230 677 1397 716 Praesule
1417 680 1498 717 Jac.
1521 680 1685 733 Benigno
1702 683 1852 723 Bossnet
1882 686 1921 723 in
1945 683 2082 726 Trtzcc.
2111 685 2158 726 de
2179 686 2241 726 lib.
2257 688 2344 727 arb.

1233 745 1319 784 cap.
1351 732 1388 770 5.

1292 784 1380 823 105.
1409 785 1494 824 Non
1527 787 1575 824 ita
1607 789 1704 825 inter
1732 803 1768 826 se
1798 793 2063 841 consentiunt,
2092 794 2160 846 qui
2183 792 2345 834 Molinae

1233 837 1375 877 vexilla
1405 849 1642 892 sequuntur.
1686 843 1784 880 Cum
1814 846 1916 881 enim
1946 845 2149 897 physicam
2179 862 2345 899 praemo·

1233 893 1373 930 tionem
1403 892 1606 944 rejiciant,
1650 906 1919 947 consequenter
1962 899 2087 938 futura
2116 900 2266 951 libera,
2311 903 2346 940 St

1233 947 1489 997 contingentia
1519 962 1540 985 a
1570 946 1652 985 Deo
1681 950 1719 986 in
1749 950 1824 986 suis
1852 949 2010 989 decretis
2051 957 2221 1005 cognosci
2259 957 2345 995 iufi-

1233 1000 1407 1046 ciantur3
1440 1000 1502 1038 sed
1532 1014 1622 1038 cum
1651 1001 1902 1039 determinare
1932 1014 2117 1055 coguntur
2147 1007 2346 1058 medium,

1232 1052 1272 1090 in
1302 1066 1379 1106 quo
1408 1053 1514 1091 Deus
1542 1067 1586 1092 ea
1615 1064 1813 1106 cognoscat
1831 1085 1840 1103 ,
1869 1054 1940 1092 lzoc
1969 1071 2084 1107 opus,
2115 1059 2173 1098 iiic
2203 1060 2346 1108 labor,-

1233 1105 1267 1142 8:
1297 1114 1395 1144 tanta
1423 1116 1509 1145 sunt
1539 1109 1578 1144 in
1609 1109 1787 1146 varietate
1816 1110 2031 1159 constituti,
2064 1122 2101 1149 ut
2130 1113 2243 1163 plane
2266 1130 2345 1154 mo-

1232 1158 1369 1197 lestum
1399 1160 1444 1198 sit
1471 1162 1647 1199 omnium
1677 1162 1950 1212 dinumerare,
1981 1163 2014 1200 8<
2043 1165 2235 1217 explicare
2264 1184 2348 1208 sen-

1231 1221 1365 1252 tenuas
1387 1240 1396 1251 .

1292 1267 1380 1311 104.
1411 1266 1539 1305 Primo
1567 1269 1680 1307 totius
1695 1266 1834 1307 scholae
1856 1272 2127 1322 antesignanus
2147 1272 2246 1311 Lud.
2264 1273 2350 1312 Μο-

1232 1316 1313 1358 lina
1342 1334 1386 1359 ea
1412 1323 1589 1373 ‘cognosci
1618 1322 1712 1361 dicit
1740 1324 1781 1360 in
1794 1322 1998 1362 voluntatis
2020 1323 2201 1364 humanae
2217 1340 2353 1378 super-

1233 1373 1605 1425 comprehensione,
1634 1391 1711 1427 qua
1732 1376 1835 1414 Deus
1865 1390 1938 1415 non
1969 1375 2091 1416 solum
2121 1394 2203 1417 eam
2234 1390 2351 1420 totam

1233 1439 1352 1479 usque
1382 1428 1430 1466 ad
1461 1427 1612 1466 ultimas
1642 1429 1761 1467 fibras
1790 1429 2102 1481 comprehendit,
2141 1434 2205 1471 sed
2233 1436 2350 1473 etiam

1233 1480 1386 1518 infinite
1414 1482 1702 1532 superexcedit.
1734 1481 1790 1519 Ita
1819 1483 1857 1520 in
1882 1482 2106 1521 Concordia
2126 1496 2260 1537 quaest.
2288 1488 2349 1533 14.

1234 1542 1306 1580 art²
1341 1531 1402 1571 13.
1432 1534 1530 1584 disp.
1555 1535 1618 1572 52.
1649 1533 1808 1573 Molinae
1839 1535 2008 1573 adhaeret
2038 1535 2154 1576 Mart.
2176 1540 2348 1578 Becanus

1232 1584 1348 1623 Toni.
1379 1585 1409 1624 Ι.
1441 1585 1624 1625 Summae
1652 1586 1882 1640 mech-cap.
1910 1602 1970 1627 10.
2001 1599 2138 1642 quaest.
2163 1607 2198 1643 7.
2216 1623 2227 1642 ,
2257 1607 2347 1632 cum

1226 1641 1367 1692 paucis
1397 1638 1503 1678 aliis.
1874 1692 1877 1693 ⁷

1295 1691 1383 1729 106.
1413 1691 1608 1730 Secundo,
1652 1691 1819 1730 Fonseca
1845 1692 1963 1732 Tom.
1990 1692 2061 1733 ΠΙ.
2099 1695 2284 1748 M'ettzpiz.
2315 1697 2349 1736 St

1233 1743 1377 1781 'Suarez
1405 1744 1495 1781 Lib.
1526 1745 1574 1781 ΙΙ.
1604 1744 1652 1782 de
1680 1749 1850 1783 scientia
1881 1746 1960 1784 Dei
1989 1750 2024 1784 c.
2053 1747 2092 1785 8.
2131 1750 2258 1788 Deum
2291 1754 2350 1789 fu-

1234 1803 1320 1833 tura
1350 1797 1636 1848 contingentia,
1680 1796 1713 1832 81
1743 1797 1866 1835 libera
1895 1812 2117 1850 cognoscere
2147 1802 2282 1841 docent
2311 1807 2351 1842 in

1236 1861 1304 1886 suo
1333 1849 1508 1898 decreto,
1552 1863 1625 1888 non
1654 1851 1812 1902 quidem
1842 1853 2042 1901 existente,
2071 1863 2112 1891 ut
2142 1854 2351 1903 Thpmistae

1238 1903 1430 1951 sentiunt,
1458 1903 1522 1941 sed
1552 1903 1680 1942 futuro
1697 1934 1707 1953 ,
1739 1904 1773 1941 &
1803 1906 1976 1958 ponendo
1997 1908 2034 1944 in
2053 1911 2224 1960 sequenti
2242 1912 2351 1962 siguo

1237 1964 1360 1994 ration
1369 1970 1396 1994 is
1413 1981 1424 1994 0

1299 2008 1384 2047 106.
1416 2009 1547 2048 Tertio
1569 2036 1579 2049 .
1622 2007 1741 2050 Multi
1772 2012 1993 2050 recentiores
2024 2023 2187 2065 negant,
2225 2016 2352 2056 Deum

1237 2073 1462 2113 cognoscere
1492 2065 1620 2102 futura
1650 2065 1688 2102 in
1720 2065 1846 2103 medio
1875 2066 2031 2118 aliquo,
2061 2069 2123 2106 sed
2154 2083 2196 2107 ea
2217 2081 2351 2122 cogno-

1237 2117 1292 2153 sci
1321 2130 1343 2152 a
1372 2114 1456 2153 Deo
1483 2117 1615 2155 dicunt
1646 2119 1865 2156 immediate
1896 2122 1933 2157 in
1963 2121 2116 2172 seipsis,
2147 2136 2211 2159 seu
2231 2124 2268 2161 in
2290 2138 2352 2161 ve-

1237 2169 1346 2205 ritate
1375 2166 1568 2218 objectiva
1586 2200 1596 2215 ,
1631 2184 1750 2221 quam
1781 2171 1920 2210 habent
1948 2175 2210 2212 antecedenter
2238 2177 2286 2214 ad
2314 2190 2352 2214 o-

1237 2234 1325 2259 mne
1353 2221 1547 2259 decretum
1577 2222 1679 2268 Dei3
1717 2237 1804 2261 nam
1835 2238 1881 2261 ex
1910 2225 2058 2263 duabus
2088 2230 2353 2278 propositioni-

1236 2272 1311 2312 bus
1340 2275 1664 2322 contradictoriis,
1694 2288 1781 2327 quae
1812 2277 1857 2313 de
1888 2277 2025 2315 futuris
2045 2281 2350 2331 contingentibus

1238 2327 1430 2365 efformari
1462 2338 1641 2379 possunt,
1689 2329 1807 2366 altera
1837 2329 1946 2367 debet
1986 2343 2062 2368 esse
2105 2333 2352 2372 determinate

1238 2394 1327 2419 vera
1345 2411 1355 2429 ,
1387 2380 1502 2420 altera
1523 2382 1767 2419 determinate
1798 2381 1891 2420 falsa
1910 2408 1920 2420 .
1951 2382 2004 2420 lta
2025 2385 2133 2422 sentit
2156 2385 2351 2439 vasquez,

1240 2433 1274 2470 &
1304 2435 1401 2481 alii3
1434 2435 1686 2487 eamdemque
1717 2436 1939 2472 sententiam
1971 2445 2008 2473 ut
2036 2438 2283 2488 probabilem
2311 2456 2352 2479 a·
2393 2432 2399 2440 ’

1239 2488 1366 2540 doptat
1395 2489 1509 2527 etiam
1539 2488 1678 2526 Suarez
1709 2488 1796 2525 Lib.
1819 2488 1866 2526 II.
1897 2488 1945 2525 cie
1973 2492 2142 2528 scientia
2159 2487 2236 2529 Det
2256 2507 2291 2531 c.
2315 2507 2351 2532 2.

1298 2554 1387 2593 107.
1419 2542 1593 2589 Quarto.
1641 2540 1826 2579 Nonnulli
1868 2542 2093 2593 confugiunt
2123 2545 2170 2582 ad
2207 2555 2352 2585 senten-

1236 2595 1359 2643 tiam,
1388 2609 1476 2647 quae
1508 2594 1652 2646 [Egidio
1684 2593 1853 2631 Romano
1883 2595 2063 2633 tribuitur
2093 2599 2170 2648 (in
2192 2598 2220 2635 I.
2250 2599 2351 2637 Sen—

1238 2657 1336 2685 tent.
1366 2649 1452 2686 dist.
1485 2648 1549 2686 58.
1582 2649 1623 2696 ),
1666 2647 1860 2695 dicentes,
1905 2647 2032 2686 Deum
2064 2651 2191 2688 videre
2221 2652 2351 2691 futura

1239 2702 1279 2740 in
1309 2702 1384 2738 suis
1414 2703 1533 2748 ideis,
1563 2715 1626 2738 seu
1657 2701 1695 2737 in
1725 2700 1857 2738 divina
1886 2704 2072 2747 essentia,
2104 2713 2216 2755 prout
2237 2704 2350 2744 habet

1239 2756 1426 2792 rationem
1458 2755 1552 2791 ideae
1581 2755 1886 2805 repraesentantis
1914 2767 2046 2793 omnes
2074 2767 2267 2796 creaturas
2285 2786 2296 2796 .

1300 2804 1387 2846 108.
1418 2807 1618 2858 Denique,
1667 2819 1711 2843 ne
1739 2805 1816 2844 alia
1859 2809 2068 2847 minutiora
2112 2823 2317 2862 persequar
2337 2842 2349 2859 ‚

1241 2859 1477 2912 'Theophilus
1508 2856 1726 2896 Rainaudus
1756 2860 1793 2897 in
1822 2873 1889 2899 sua
1927 2874 2028 2898 nom
2058 2862 2248 2900 libertatis
2278 2877 2349 2902 ex-

1240 2915 1450 2966 plicatione
1477 2921 1614 2964 quaest.
1647 2925 1682 2949 2.
1713 2927 1799 2964 cap.
1821 2913 1860 2959 4.
1889 2927 1928 2951 n.
1961 2915 2025 2952 55.
2057 2914 2181 2952 Deum
2212 2930 2345 2968 cogno«

1241 2981 1343 3005 scere
1372 2967 1476 3003 docet
1506 2965 1633 3002 futura
1663 2964 1786 3004 libera
1816 2967 1855 3003 in
1893 2968 2109 3018 operatione
2147 2969 2349 3009 voluntat&

1241 3022 1407 3066 creatae,
1454 3017 1580 3070 qualis
1610 3018 1737 3056 futura
1767 3027 1861 3060 esset
1900 3020 1944 3057 in
1975 3019 2203 3071 hypothesi,
2246 3026 2350 3075 quo-l

1241 3086 1308 3126 per
1338 3087 1373 3110 se
1404 3070 1523 3109 solam
1553 3084 1662 3122 agere
1692 3080 1837 3122 posset.
1952 3121 1954 3123 q

1301 3138 1387 3177 ¹09·
1418 3125 1518 3161 Inter
1548 3122 1614 3161 has
1653 3124 1748 3161 duas
1776 3123 1851 3161 sibi
1880 3137 1900 3161 e
1939 3123 2125 3163 diametro
2160 3131 2349 3181 oppositas

1241 3178 1556 3224 Thomistarum‚
1594 3175 1628 3212 ἃ
1657 3176 1945 3215 Molinistarum
1975 3182 2198 3229 sententias,
2240 3187 2351 3235 quasi

1242 3232 1367 3270 media
1397 3230 1574 3267 incedunt
1616 3230 1677 3267 via
1710 3230 1977 3281 Augustiniaui
2019 3235 2266 3283 recentiores,
2315 3236 2347 3271 8<

1239 3286 1364 3324 varios
1393 3283 1658 3334 distinguentes
1688 3282 1888 3321 hominum
1912 3294 2025 3323 status
2042 3316 2052 3334 ,
2083 3301 2126 3324 ac
2148 3301 2271 3324 rerum
2288 3300 2347 3323 oz·-

1241 3339 1344 3376 dines
1362 3367 1372 3385 ,
1403 3336 1514 3374 modo
1543 3335 1750 3374 Thomistis
1779 3335 2013 3388 junguntur,
2049 3340 2158 3376 modo
2187 3340 2233 3376 ad
2263 3338 2347 3376 3⁴20.-

1244 3391 1390 3429 linistas
1419 3390 1628 3429 accedunt.
1675 3386 1808 3443 ltaque
1838 3393 1869 3429 si
1897 3403 2020 3428 sermo
2048 3393 2093 3429 sit
2136 3392 2182 3427 de
2211 3391 2349 3429 futuris

2238 3456 2298 3480 01*-
