2577 3633
2210 145 2264 180 xl

191 223 243 260 ut
276 210 483 266 credant,
523 208 782 274 mysterium
817 206 1048 256 Trinitatis
1081 202 1255 254 Platoni
1292 206 1533 256 innotuisse
1553 243 1563 255 .
1598 206 1663 256 Et
1696 207 1879 273 quidem
1912 209 2110 261 laudatus
2143 229 2255 262 mox
2287 212 2335 265 S.

195 280 388 342 August.
426 278 484 324 de
516 277 596 323 civ.
635 279 735 324 Dei
765 295 802 322 c.
831 273 905 322 23.
943 275 999 321 ita
1034 273 1089 320 de
1123 271 1377 336 Porphyrio
1415 275 1638 340 loquitur:
1711 277 1844 341 Quae
1899 289 2051 325 autem
2086 280 2212 327 dicat
2240 299 2339 331 esse

183 345 445 406 principia,
484 352 706 408 tanquam
732 343 1008 391 Platonicus
1024 376 1037 397 ,
1075 340 1310 387 novimus.
1346 343 1481 387 Dicit
1515 343 1636 390 enim
1660 345 1819 391 Deum
1854 346 2050 391 Patrem
2064 382 2075 401 ‚
2113 357 2159 392 et
2174 351 2332 396 Deum

191 410 368 459 Filium
382 446 397 468 ‚
436 425 568 475 quem
601 426 765 474 graece
786 410 990 474 appellnt
1025 407 1094 454 vel
1117 415 1364 466 paternum
1388 407 1668 455 intellectum
1681 446 1693 466 ,
1733 410 1802 456 vel
1814 421 2062 473 paternam
2097 424 2293 461 mentem
2314 435 2331 462 .-

191 477 249 524 de
285 478 465 540 Spiritu
482 486 634 522 autem
671 486 831 523 sancto
865 486 948 522 aut
982 473 1106 521 nihil
1121 510 1133 530 ,
1171 483 1363 519 autnon
1396 486 1553 536 aperte
1584 477 1769 539 aliquid
1795 477 1910 523 dicit
1929 514 1940 533 ‚
1976 483 2183 540 quamvis
2201 498 2335 543 quem

192 543 337 590 olium
372 543 499 590 dicat
534 541 700 589 horum
736 543 936 589 medium
957 579 968 598 ‚
1007 557 1099 587 non
1136 539 1343 602 intelligo
1365 572 1374 584 .
1424 540 1577 586 Nemo
1611 554 1756 589 autem
1795 544 1992 607 ignorat,
2026 544 2073 589 in
2108 544 2336 595 adorando

192 610 364 656 divinae
399 610 630 657 Trinitatis
665 610 877 673 mysterio
911 610 1042 655 etiam
1077 606 1291 670 Spiritum
1325 617 1527 653 sanctum
1562 619 1609 653 ut
1643 611 1812 656 tertiam
1848 610 2124 668 Personam,
2180 612 2299 660 Patri
2317 651 2336 672 .,

191 676 396 741 Filioque
431 675 870 732 consubstantialem,
907 686 948 722 et
982 673 1037 721 ab
1072 684 1260 737 utroque
1297 672 1612 734 procedentem
1648 677 1891 724 contineri.

255 742 334 791 33.
371 744 532 807 Neque
566 759 670 789 vero
705 744 804 790 satis
840 752 902 789 est
938 742 1109 795 dicere,
1145 740 1322 786 tertium
1357 741 1622 788 Dominum
1656 743 1858 805 Regem,
1900 761 1950 790 ac
1982 746 2139 791 Deum
2177 761 2202 791 a
2236 745 2338 795 Pla-

191 820 295 857 tone
330 811 555 857 nominari
581 846 591 857 ,
628 809 738 856 Non
776 810 958 872 inquam
972 824 985 862 ’;
1022 806 1098 870 qui
1134 807 1255 852 enim
1288 805 1485 854 Platonis
1509 843 1522 864 ‚
1557 807 1739 871 ejusque
1773 809 1948 855 scholae
1985 811 2195 876 dogmata
2229 813 2338 860 inti·-

198 878 363 924 mimus
397 886 712 942 penetrarunt,
747 885 931 928 norunt,
969 873 1090 919 hunc
1110 873 1285 919 tertium
1303 875 1460 920 Deum
1482 911 1494 931 ‚
1530 890 1624 921 non
1643 891 1734 921 esse
1753 876 1835 921 nisi
1870 878 2116 933 mundum,
2156 889 2229 924 aut
2252 898 2339 943 po-

187 943 273 991 tius
309 945 502 990 animam
538 941 730 997 mundi,
764 940 835 986 cui
871 940 993 986 nullo
1027 940 1168 985 modo
1203 957 1406 1000 nomen,
1439 952 1514 988 aut
1548 939 1818 988 characteres
1839 942 2026 1004 Spiritus
2061 945 2198 991 sancti
2233 947 2335 993 ada-

186 1011 298 1073 ptari
322 1018 534 1071 possunt.
570 1007 809 1070 Perspicue
833 1005 1031 1054 Platonis
1065 1006 1326 1053 sententiam
1364 1006 1493 1054 nobis
1526 1009 1667 1072 aperit
1691 1008 1943 1055 Numenius
1963 1046 1973 1066 ,
2008 1009 2062 1057 de
2097 1028 2189 1075 quo
2214 1012 2332 1060 Pro-

187 1077 277 1121 clus
310 1073 563 1122 Platonicus
598 1072 698 1121 Lib.
726 1074 784 1120 11.
820 1075 868 1120 in
909 1074 1148 1120 Timaeum
1184 1075 1406 1122 Platonis
1440 1076 1613 1140 inquit:
1671 1076 1929 1122 Numenius
1972 1086 2066 1123 tres
2100 1077 2335 1126 celebrans

184 1142 320 1187 Deos
335 1178 347 1196 ,
388 1143 582 1188 Patrem
607 1141 812 1204 appellnt
839 1142 1046 1202 primum
1066 1176 1078 1196 ,
1117 1141 1362 1187 secundum
1389 1159 1491 1195 eero
1517 1140 1739 1205 Opificem
1760 1178 1774 1199 ,
1811 1142 1996 1189 tertium
2033 1160 2145 1206 opus
2161 1178 2170 1188 .
2208 1146 2336 1192 Nam

185 1206 385 1254 mundus
417 1206 547 1269 apud
578 1207 725 1270 ipsum
763 1209 926 1255 tertius
960 1216 1027 1253 est
1042 1210 1211 1261 Deus;
1249 1208 1316 1253 ita
1351 1219 1402 1254 ut
1421 1208 1592 1272 duplex
1626 1210 1688 1255 sit
1719 1210 1962 1256 secundum
1998 1208 2126 1256 illius
2159 1222 2336 1257 senten-

185 1273 300 1318 tiam
337 1274 498 1333 opifex
514 1311 526 1329 ‚
559 1274 743 1335 primus
759 1312 772 1330 ,
811 1284 855 1320 et
888 1274 1112 1319 secundus
1133 1275 1292 1320 Deus,
1329 1275 1502 1321 illelius
1536 1275 1656 1321 enim
1692 1275 1758 1322 sic
1776 1277 1930 1324 dicere
1948 1312 1959 1331 ‚
1998 1293 2137 1339 quam
2173 1287 2223 1323 ut
2258 1277 2339 1328 ille

187 1339 455 1401 tragoedias
476 1354 618 1402 agens
639 1340 868 1400 appellat,
907 1340 1127 1395 Patrem,
1167 1341 1341 1386 Filium
1365 1375 1376 1395 ,
1411 1352 1456 1387 et
1477 1344 1724 1403 Nepotem.
1763 1343 1824 1390 Et
1858 1342 1943 1388 alio
1968 1342 2012 1387 in
2042 1342 2170 1399 loc0,
2205 1361 2337 1390 nem-

187 1421 242 1467 pe
262 1404 491 1451 Enneade
520 1405 600 1451 Ill.
638 1404 738 1451 Lib.
766 1406 829 1456 V.
866 1423 902 1450 c.
919 1404 963 1450 6.
988 1406 1223 1462 Mundus,
1260 1407 1434 1469 inquit,
1468 1418 1518 1453 ut
1538 1408 1668 1469 vulgo
1685 1408 1878 1463 dicitnr,
1913 1409 2074 1454 tertius
2092 1418 2159 1454 est
2175 1413 2335 1460 Deus.

185 1470 330 1515 Addit
349 1482 593 1534 praeterea,
618 1469 740 1518 hunc
758 1472 978 1518 mundum
992 1488 1081 1516 esse
1097 1488 1208 1532 opus
1222 1473 1340 1528 Dei,
1365 1482 1409 1518 et
1421 1471 1906 1533 remfactamvotnuoe,
1944 1484 1985 1517 et
2012 1472 2335 1530 θεμιεργέμεμῃ

186 1535 324 1582 Unde
360 1537 493 1584 etiam
529 1537 790 1585 Aristoteles
826 1536 927 1585 Lib.
954 1537 986 1583 I.
1022 1537 1235 1600 IlIeteplz.
1269 1556 1305 1583 c.
1333 1552 1373 1599 7.
1414 1539 1690 1584 occasionem
1714 1539 1902 1601 sumpsit
1920 1538 2154 1588 Platonem
2189 1545 2337 1592 redar-

184 1602 351 1663 guendi
388 1603 622 1667 pudendae
658 1604 1023 1653 contradictionis
1044 1639 1055 1658 ‚
1090 1604 1197 1649 dum
1234 1605 1388 1650 mundi
1425 1605 1618 1651 animam
1651 1603 1839 1652 tertium
1873 1607 2031 1651 Deum
2068 1609 2300 1672 appellavit
2323 1649 2336 1669 ς

185 1667 285 1713 alibi
320 1686 426 1716 vero
462 1670 664 1716 eamdem
697 1688 787 1717 una
822 1687 925 1716 cum
961 1667 1077 1715 coelo
1113 1678 1317 1715 creatam
1355 1670 1513 1714 dixerit
1534 1706 1543 1716 .

250 1734 316 1792 34
367 1735 527 1797 Neque
563 1733 754 1779 omnino
789 1734 954 1780 clarum
994 1742 1079 1786 est,
1134 1733 1240 1796 quid
1276 1733 1402 1779 Plato
1439 1751 1519 1796 per
1550 1733 1664 1782 λὸνῦῑ
1706 1736 1761 1781 V
1758 1731 1936 1790 erbum,
1991 1735 2068 1783 seu
2104 1743 2332 1789 rationem

185 1797 476 1853 intellexerim
516 1817 572 1845 an
608 1800 853 1846 Personam
890 1799 1084 1845 divinam
1119 1816 1141 1845 a
1178 1799 1307 1845 Patre
1344 1815 1423 1863 per
1445 1816 1592 1846 veram
1622 1801 1957 1863 generationem
1993 1805 2337 1867 procedentem;

181 1882 236 1910 an
272 1882 377 1912 vero
415 1864 675 1913 attributum
693 1865 812 1924 Dei,
848 1882 924 1913 seu
957 1866 1096 1929 ipsam
1119 1864 1336 1912 rationem
1358 1902 1370 1921 ‚
1405 1877 1447 1912 et
1481 1866 1742 1930 sapientiam
1764 1904 1775 1922 ‚
1812 1883 1896 1932 qua
1934 1881 2066 1915 a‘tota
2086 1875 2337 1921 aeternitate

181 1930 297 1979 ideas
333 1931 592 1998 archetypas
611 1950 760 1980 rerum
781 1932 1055 1998 possibilium
1074 1968 1083 1986 ‚
1121 1943 1160 1977 et
1180 1932 1469 1979 creandarum
1487 1933 1603 1999 apud
1622 1935 1911 1997 semetipsum
1936 1934 2147 1984 habebat.
2185 1939 2337 2005 SuspL

181 1998 357 2046 cionem
379 2000 570 2063 aliquam
586 2000 870 2065 suppeditant
889 1998 1020 2046 verba
1034 1999 1198 2046 Plotini
1214 2000 1441 2047 Enneode
1462 2001 1525 2048 V.
1552 2000 1650 2049 Lib.
1672 2003 1704 2049 l.
1732 2018 1834 2064 cap.
1852 2002 1895 2048 6.
1932 2002 2114 2051 dicentis
2131 2005 2332 2062 desim:

180 2067 324 2114 Hunc
352 2062 454 2129 jam
489 2068 696 2131 genitum
731 2077 897 2114 cuncta
931 2081 1080 2113 secum
1117 2065 1260 2111 simul
1289 2067 1416 2111 entia
1449 2067 1661 2128 genuisse
1685 2103 1697 2123 ,
1731 2068 1988 2114 universam
2018 2069 2330 2132 pulchritudi-

181 2148 283 2177 nem
319 2132 529 2181 idearum
551 2170 563 2191 ‚
597 2133 911 2198 intelligibiles
932 2136 1066 2179 Deos
1101 2147 1259 2177 omnes
1281 2165 1292 2177 .
1330 2131 1376 2178 Si
1415 2131 1470 2176 ita
1509 2148 1579 2179 res
1612 2150 1657 2179 se
1682 2131 1844 2189 habet,
1882 2135 2079 2183 Trinitas
2105 2136 2330 2186 Platonica

182 2197 375 2243 conflata
410 2199 491 2245 erit
523 2217 583 2246 ex
614 2216 795 2247 summo
834 2199 961 2254 Deo,
1007 2212 1141 2261 quem
1178 2214 1321 2243 unum
1355 2214 1532 2262 semper
1565 2198 1792 2245 confessus
1829 2211 1892 2245 est
1926 2203 2053 2248 Plato
2077 2240 2088 2257 ‚
2146 2222 2203 2250 ex
2238 2207 2331 2265 ejus

185 2262 387 2321 ratione,
421 2281 499 2311 seu
534 2267 774 2331 sapientia,
811 2277 851 2312 et
888 2283 944 2311 ex
964 2264 1135 2311 mundo
1171 2264 1444 2329 archetypo.
1483 2264 1555 2311 Sic
1590 2267 1833 2328 poterimus
1854 2284 1909 2311 ex
1929 2268 2128 2331 Virgilio
2155 2288 2232 2315 ex.
2267 2288 2335 2334 gr.

179 2328 367 2376 triadem
405 2330 654 2395 configere,
692 2333 825 2396 ipsius
862 2346 1124 2395 personam,
1161 2329 1392 2392 ingenium
1414 2367 1426 2387 ‚
1462 2340 1505 2376 et
1538 2331 1758 2380 AEneidcs
1793 2333 2015 2395 speciem,
2072 2349 2150 2381 seu
2184 2336 2330 2385 ideam

184 2395 539 2443 considerando.
578 2397 739 2445 Talem
776 2409 987 2462 putarunt
1023 2396 1154 2460 aliqui
1191 2415 1281 2444 esse
1320 2397 1588 2445 Trinitatem
1624 2397 1920 2456 Platonicam3
1957 2418 2067 2464 quae
2103 2413 2250 2448 tamen
2283 2422 2332 2450 o-

180 2462 310 2526 pinio
347 2461 608 2510 certioribus
643 2464 823 2510 deberet
858 2463 1120 2510 testimoniis
1159 2464 1446 2520 confirmari,
1487 2475 1535 2510 ut
1570 2464 1786 2511 credibilis
1821 2464 2077 2513 redderetur
2116 2468 2220 2531 (α).

250 2525 330 2575 35.
366 2529 482 2577 Sunt
517 2541 663 2577 tamen
700 2540 743 2576 et
778 2530 903 2576 multi
939 2530 1077 2577 sancti
1112 2527 1295 2587 Patres,
1331 2543 1373 2577 et
1408 2546 1560 2593 graves
1582 2532 1827 2584 Amatores,
1867 2533 1941 2593 qui
1977 2534 2070 2579 sine
2106 2534 2244 2584 dubio
2268 2553 2332 2583 as-

178 2606 353 2651 serunt,
377 2596 578 2659 agnitum
597 2597 728 2643 fuisse
743 2598 961 2644 aPlatone
975 2609 1271 2644 sacrosanctae
1284 2598 1516 2646 Trinitatis
1533 2597 1802 2660 Mysterium
1820 2597 1948 2658 (vide
1965 2634 1975 2654 ,
2002 2617 2112 2664 quae
2134 2601 2327 2649 diximus

181 2660 298 2709 Diss
319 2662 356 2708 I.
394 2679 438 2708 n.
462 2661 540 2722 48.
557 2673 598 2710 et
616 2661 767 2728 seq.).
805 2662 909 2729 Ego
930 2662 1043 2710 hanc
1058 2660 1277 2723 celebrem
1302 2664 1647 2710 controversiam
1674 2664 1859 2710 definire
1899 2682 1991 2711 non
2029 2664 2192 2726 audem
2231 2686 2330 2717 eam

175 2726 323 2774 solum
359 2728 569 2777 indicasse
605 2741 870 2778 contentus.
908 2729 1046 2795 Quod
1081 2731 1116 2776 si
1153 2729 1334 2779 celebris
1370 2731 1446 2777 iste
1472 2728 1776 2793 Philosophus
1811 2728 1974 2797 aliquid
2002 2733 2115 2780 ‘vidit
2151 2735 2204 2780 de
2243 2735 2331 2782 hoc

174 2794 415 2858 dogmate,
451 2795 574 2861 quod
611 2796 815 2845 omniurn
851 2797 1274 2862 profundissimum,
1311 2809 1354 2844 et
1389 2796 1765 2861 imperscrutabile
1790 2808 1878 2854 est,
1915 2798 1959 2845 id
1989 2811 2111 2847 *certe
2149 2800 2245 2847 solo
2263 2816 2330 2848 Γα-

176 2862 311 2908 tionis
329 2863 497 2911 lumine
518 2882 610 2911 non
629 2864 736 2911 vidit
752 2902 761 2920 ,
796 2866 952 2912 sedvel
977 2882 1032 2912 ex
1047 2865 1234 2912 lectione
1260 2865 1583 2929 scripturarum
1603 2877 1824 2910 sacrarum
1846 2901 1856 2921 ‚
1886 2864 1958 2910 ‘vel
1996 2869 2330 2915 conversatione

173 2943 282 2979 ‚cum
302 2926 488 2977 Judaeis
503 2966 514 2987 0
551 2932 617 2978 vel
639 2932 768 2980 etiam
788 2947 844 2978 ex
862 2931 1091 2979 Noanhica
1109 2932 1345 2979 traditione
1367 2967 1377 2977 .
1404 2929 1515 2979 Vid.
1537 2929 1649 2976 dicta
1669 2930 1904 2978 Disscrnl.
1929 2949 2051 2978 num.
2074 2932 2149 2991 54.
2173 2945 2212 2979 et
2236 2950 2329 2999 seq.

172 3029 175 3031 -
247 2993 323 3040 36.
361 2998 584 3044 Audiatur
621 2997 664 3044 S.
701 2999 894 3061 August.
929 2999 1030 3048 Lib.
1056 2997 1188 3047 Vlll.
1226 2999 1281 3045 de
1304 2995 1421 3045 civit.
1459 2998 1561 3043 Dei
1592 3014 1628 3043 c.
1659 3012 1732 3043 11.
1768 2998 2013 3043 [Mirantur
2046 3010 2198 3045 notem
2228 3003 2329 3065 qui-

186 3054 291 3104 dam
329 3061 457 3108 nobis
484 3065 536 3112 in
578 3064 760 3113 Christi
785 3066 945 3130 gratia
980 3066 1168 3121 sociati,
1230 3080 1329 3112 cum
1359 3061 1561 3110 ‘audiunt
1580 3097 1591 3118 ‚
1649 3063 1717 3110 vel
1748 3063 1905 3125 legunt
1920 3099 1932 3118 ,
1984 3064 2232 3126 Platonem
2271 3069 2328 3114 de

2146 3136 2255 3179 Deo

234 3218 299 3270 (a)
329 3216 379 3259 D.
406 3216 635 3268 Prudentius
661 3222 801 3268 Maran
831 3225 924 3269 Ord.
953 3224 994 3268 S.
1014 3221 1161 3266 >Bened.
1193 3226 1233 3265 in
1262 3224 1396 3264 Diwin.
1425 3222 1480 3261 D.
1510 3222 1545 3261 J.
1580 3221 1622 3262 C.
1653 3222 1886 3276 llffnnifesta
1915 3220 1987 3263 &c-
2016 3225 2106 3264 Lib.
2130 3225 2197 3264 IV.
2229 3239 2262 3264 c.
2291 3241 2324 3264 ι.

179 3283 255 3310 non
284 3273 362 3312 sine
392 3274 635 3319 funda-mento
661 3285 899 3336 suspicatur,
946 3282 1228 3321 Platonicorum
1257 3282 1302 3318 de
1333 3278 1519 3316 Trinitate
1556 3277 1766 3316 doctrinam
1796 3291 1841 3316 ex
1882 3278 2076 3317 lutulentis
2105 3280 2320 3331 prisnei-um

183 3323 483 3378 Haereticorum,
502 3329 838 3387 marcionitarum,
858 3335 1238 3384 Valentinianorum,
1259 3333 1498 3385 aliorumque
1514 3331 1781 3373 Gnosticorum
1796 3333 1964 3373 fontibus
1985 3332 2153 3373 haustam
2180 3332 2292 3370 fuisse
2308 3357 2318 3370 0
