2577 3633
278 157 356 197 108

211 245 303 276 01195
334 244 395 268 seu
427 230 441 279 (
472 237 513 267 ut
538 228 763 282 loquiturP.
784 230 946 268 Animus
976 229 1023 267 de
1051 234 1216 268 scientia
1232 245 1314 269 me-

212 283 280 319 clia
298 297 383 333 pag.
407 283 502 333 595.
519 282 563 331 )*,
592 283 693 334 quod
722 284 847 321 videre
876 291 1031 331 possent
1059 283 1108 323 ἐν
1136 292 1313 330 nomime,-

209 336 314 385 atqui
343 336 541 372 scientiam
570 336 643 373 Dei
673 349 749 374 esse
777 349 924 373 summe
957 335 1179 373 mirabilem
1207 345 1312 374 testa-

207 395 268 423 tur
295 386 428 424 David·
452 389 491 424 in
522 387 620 426 Psal.
655 388 742 427 158.
785 389 933 426 dicens:
975 387 1167 426 mirabilis
1182 389 1312 441 facta

207 447 267 475 est
295 442 463 477 scientia
490 448 562 478 tua
589 454 642 479 ex
668 454 736 478 me
751 455 767 485 ;
796 439 1024 491 confortata
1044 450 1122 490 est,
1151 442 1200 483 <9-
1229 456 1310 481 non

206 499 340 540 potero
369 492 423 530 act
451 506 571 531 earn.
600 494 785 530 Praeterea
813 493 853 531 S.
885 493 1113 545 Augustinus
1141 496 1182 533 in
1211 494 1309 533 Psal.

207 544 275 595 49.
303 558 342 581 n.
379 545 441 583 18.
483 545 567 583 haec
595 544 729 583 habet:
776 543 869 582 [Von-
910 546 1103 585 audemus
1144 547 1274 586 dicere
1294 563 1307 585 .-

207 597 402 645 quo-rnodo
429 602 529 635 novit
559 596 707 634 Deus?
735 610 785 634 ne
800 597 916 650 forte
943 599 1016 638 hoc
1044 614 1071 637 a
1101 614 1192 649 me,
1209 600 1308 652 fra-

206 657 287 685 tres
305 680 315 696 ,
345 654 557 699 expectetis
586 658 626 686 nt
654 650 850 700 explicem
877 651 1004 701 cobis,
1033 654 1226 703 quo-modo
1246 667 1309 691 co-

205 712 371 752 gnoscat
402 701 529 739 Deus.
559 701 648 739 IIoc
676 703 803 741 solum
833 704 945 752 dico,
974 720 1054 742 non
1083 710 1139 744 sic
1166 720 1309 758 cogno-

207 758 306 801 scit,
353 764 393 789 ut
421 753 559 802 horno,
601 768 681 792 non
709 760 766 793 sic
796 762 991 809 cognoscit
1035 768 1076 795 ut
1105 760 1307 811 AngeluS.

204 805 260 842 Et
288 805 480 856 quomodo
508 807 747 858 cognoscit?
774 809 904 847 dicere
933 824 1012 848 non
1033 812 1187 860 audeo,
1217 826 1308 863 quo-

204 861 318 895 niam
345 859 395 898 (90
423 862 524 896 scire
552 874 633 898 non
659 874 843 911 possum:
871 877 958 915 ergo
987 864 1057 902 &c.

260 911 347 962 157.
380 910 491 964 Resp.
519 913 604 951 dist.
631 913 727 965 maj.
767 914 934 954 Scientia
961 917 1036 955 Dei
1064 917 1159 956 nihil
1189 917 1304 955 habe-

201 972 257 1001 ret
286 965 534 1002 admiratione
562 967 741 1017 dignum,
771 978 881 1020 prout
909 978 1054 1007 tantum
1075 971 1305 1022 speculativa

201 1025 274 1063 est,
305 1029 414 1055 conc.
431 1032 446 1061 ,-
476 1027 586 1069 ρ10111
605 1028 655 1056 est
675 1021 788 1058 etiam
809 1023 975 1072 practica
993 1053 1003 1071 ,
1034 1023 1066 1058 81
1083 1023 1306 1075 adjunctum

202 1068 315 1106 habet
345 1071 489 1107 divinae
518 1070 716 1110 voluntatis
743 1073 963 1123 decretum,
1016 1089 1145 1127 nego.
1194 1076 1305 1114 Tunc

201 1123 305 1159 enim
334 1122 628 1161 exclamandum
659 1134 710 1162 est
738 1140 825 1163 cum
858 1127 1034 1179 Apostolo
1069 1130 1115 1167 ad
1147 1128 1306 1167 Roman.

202 1174 272 1211 XI.
290 1175 353 1213 55.
383 1189 406 1212 o
425 1176 590 1214 altitudo
610 1177 832 1215 divitiarum
847 1184 1078 1230 sapientiae,
1108 1195 1159 1219 ac
1179 1186 1307 1219 scien·

202 1231 266 1263 rioe
295 1227 398 1265 Dei!
438 1242 561 1278 quam
590 1231 997 1281 incomprehensibilia
1037 1243 1127 1272 sunt
1150 1235 1306 1287 judicia

205 1280 290 1330 ejus
307 1309 317 1327 ,
346 1281 394 1321 <9-
424 1282 711 1333 investigabiles
740 1288 812 1321 vioe
841 1287 926 1337 ejus
943 1289 958 1322 !
986 1287 1033 1324 Et
1062 1287 1124 1325 1110
1144 1296 1196 1325 est
1224 1300 1306 1326 sen-

201 1345 264 1369 sus
291 1331 526 1380 Psalmistae3
564 1337 688 1387 inq-uit
716 1338 838 1375 enim:
885 1337 995 1377 Ecce
1024 1339 1225 1389 Domine,
1268 1349 1307 1378 tu

202 1389 413 1436 cognovisti
454 1392 621 1436 omnia,
665 1393 903 1438 novissima,
945 1392 994 1431 ἔθ’
1023 1396 1219 1443 antiqua:
1267 1402 1307 1430 tu

195 1435 395 1488 formasti
414 1451 480 1476 me
495 1468 505 1486 ,
534 1441 584 1479 <J
599 1445 757 1490 posuisti
771 1455 887 1492 super
901 1457 966 1481 me
982 1458 1150 1483 manum
1171 1455 1308 1483 tuam:

202 1489 394 1545 mirabilis
422 1492 508 1530 &a
537 1494 645 1543 quasi
675 1494 775 1532 dicat
803 1499 971 1533 scientia
1000 1505 1092 1544 tua,
1128 1512 1207 1548 qua
1236 1512 1308 1536 nos

187 1542 411 1592 jormasti,
461 1544 510 1584 <9¹
546 1549 688 1582 omnia
728 1551 1020 1597 sapientissime
1063 1550 1307 1601 disposuisti,

200 1594 303 1632 adeo
333 1605 390 1633 est
419 1595 611 1634 mirabilis
628 1628 639 1646 ,
669 1607 709 1636 ut
737 1604 786 1636 sit
815 1614 936 1651 supra
956 1616 1021 1640 me
1038 1633 1048 1650 ‚
1077 1604 1126 1644 (9¹
1147 1614 1309 1655 captum

203 1660 338 1685 meum
368 1649 483 1701 longe
512 1660 693 1700 superet.
733 1653 841 1689 Unde
871 1655 984 1692 etiam
1015 1657 1065 1693 ita
1094 1657 1308 1695 concludit:

204 1700 425 1752 Confitebor
453 1701 540 1750 tibi,
570 1708 664 1753 quia
691 1704 914 1742 terribiliter
933 1708 1223 1760 magnificatus
1243 1723 1307 1746 es:

203 1753 404 1790 mirabilia
431 1767 554 1803 opera
582 1764 652 1793 tua
670 1785 681 1803 ,
723 1756 771 1795 ἴθ’
801 1761 947 1794 anima
975 1772 1069 1796 mea
1111 1765 1309 1812 cognoscit

202 1809 343 1842 nimis.
373 1806 607 1858 Quanquam
635 1807 676 1845 P.
706 1808 960 1858 Menochius,
990 1811 1133 1863 aliique
1161 1813 1309 1853 nobiles

203 1860 427 1910 interpretes
456 1858 557 1896 hunc
586 1860 713 1897 locum
743 1861 933 1912 explicant
960 1877 1034 1901 non
1057 1866 1101 1902 de
1131 1867 1307 1915 scientia,

201 1923 290 1961 quae
321 1912 358 1948 in
389 1911 470 1947 Deo
497 1921 574 1959 est,
604 1913 665 1949 sed
695 1913 740 1950 de
770 1915 950 1962 scientia,
981 1915 1039 1954 vel
1071 1921 1279 1968 cognitione
1297 1950 1306 1968 ‚

204 1976 320 2013 quam
350 1964 477 2001 David
506 1978 550 2001 ex
579 1967 636 2002 sui
667 1966 787 2017 ipsius
831 1969 1119 2007 consideratione
1157 1971 1307 2010 haurie-

198 2013 267 2052 bat
297 2017 341 2052 de
370 2016 516 2054 infinita.
536 2018 609 2054 Dei
630 2019 813 2071 sapientia
830 2049 839 2067 ,
870 2023 1142 2074 omnipotentia
1160 2054 1170 2073 ,
1200 2025 1308 2064 boni-

203 2076 274 2107 tate
304 2068 372 2105 &c.
405 2070 496 2119 (a).

264 2120 351 2158 158.
381 2121 420 2159 S.
451 2123 687 2173 Augustinus
712 2126 854 2175 pariter
882 2125 1052 2178 loquitur
1080 2129 1126 2165 de
1155 2131 1310 2170 scientia

205 2173 278 2210 Dei
307 2187 433 2211 rerum
464 2174 679 2223 effectrice,
715 2191 801 2229 quae
834 2177 883 2215 ab
914 2180 1309 2233 incomprehensibili-

204 2225 276 2263 bus
303 2225 384 2276 ejus
411 2226 568 2276 judiciis
595 2229 754 2280 pendet.
784 2230 825 2267 Id
855 2241 955 2281 patet
983 2246 1025 2270 ex
1057 2243 1132 2272 toto
1160 2245 1310 2274 contex-

205 2286 272 2323 tu3
315 2279 390 2329 agit
419 2281 518 2317 enim
548 2280 593 2317 de
621 2282 775 2321 scientia
805 2283 877 2320 Dei
907 2298 995 2322 cum
1027 2287 1106 2337 ejus
1136 2298 1311 2339 potestate

206 2329 401 2381 conjuncta
420 2361 430 2380 ,
461 2331 493 2368 8<
522 2347 598 2385 qua
626 2337 781 2382 omnia,
811 2350 898 2387 quae
929 2349 1052 2377 creata
1072 2351 1181 2389 sunt,
1211 2353 1310 2380 ante-

209 2398 328 2433 quam
356 2384 513 2433 fierent,
543 2396 646 2424 erant
675 2389 837 2438 quodam
861 2390 1049 2430 ineffabili
1069 2393 1180 2431 modo
1209 2396 1312 2447 apud

204 2435 330 2474 Deum
348 2463 358 2474 .
386 2438 562 2477 Ceterum
591 2439 631 2477 S.
661 2438 795 2489 Pater,
824 2452 926 2481 mota
955 2454 1035 2496 post
1064 2448 1311 2497 quaestionea

203 2488 548 2541 Semipelagianis,
591 2505 649 2528 an
677 2499 931 2543 proescientia
971 2497 1146 2547 quodam
1175 2500 1311 2538 ordine

203 2545 255 2579 sit
295 2542 467 2580 subnixa
506 2546 739 2596 proposito?
786 2562 850 2586 seu
881 2563 927 2587 an
956 2550 1029 2589 Dei
1069 2554 1310 2604 praescientia

206 2594 453 2647 subsequatur
482 2597 657 2647 decreta,
700 2601 823 2652 iisque
853 2602 1063 2642 innitatur?
1109 2606 1201 2643 adeo
1230 2620 1308 2645 cer-

207 2656 286 2685 tum
306 2650 476 2699 putavit,
504 2652 673 2689 medium
689 2653 829 2691 divinae
846 2657 1099 2706 praescientiae
1120 2672 1195 2696 esse
1211 2673 1310 2711 prae-

207 2701 518 2750 destinationem,
548 2717 612 2741 seu
641 2705 791 2744 decreta
819 2707 918 2757 Dei,
949 2719 987 2747 ut
1016 2712 1196 2762 principii
1230 2712 1312 2750 loco

208 2756 400 2804 posuerit,
436 2763 557 2792 nostra
586 2757 685 2795 bona
712 2772 854 2810 opera,
902 2775 967 2798 sen
996 2762 1102 2801 dona
1131 2764 1229 2813 Det,
1274 2774 1312 2802 ut

210 2807 291 2856 ipse
319 2806 512 2858 loq-uitur,
542 2808 650 2845 nullo
680 2813 790 2849 modo
811 2816 981 2864 praesciri
1013 2831 1035 2854 a
1055 2817 1158 2867 Deo,
1187 2820 1311 2856 sinon

213 2859 551 2908 praedestinantur.
583 2861 681 2899 Vide
710 2879 822 2916 supra
853 2880 889 2904 n.
925 2869 1010 2906 116.

273 2911 358 2962 159.
387 2912 478 2963 Obj.
508 2923 674 2966 quartu.
709 2918 753 2954 ln
779 2931 891 2957 cansa
919 2922 1153 2973 universali,
1195 2925 1229 2960 ἃ
1258 2938 1314 2962 re-

215 2971 316 3000 mota
345 2964 494 3003 effectus
522 2976 624 3004 certo
659 2973 830 3020 cognosci
873 2985 945 3011 non
975 2985 1122 3027 potest,
1164 2979 1256 3029 quia
1284 2980 1314 3016 i·-

217 3015 322 3073 psius
349 3017 465 3055 virtus
494 3019 736 3059 modificatur
753 3053 762 3070 ‚
793 3023 826 3060 8(
855 3028 1081 3081 quandoque
1109 3032 1223 3069 etiam
1243 3032 1315 3069 im-

215 3067 366 3117 peditur
390 3083 416 3127 ‘a
444 3073 564 3110 causis
595 3076 805 3124 proximis;
836 3079 898 3116 sed
927 3080 1056 3120 divina
1074 3082 1223 3123 decreta
1241 3097 1317 3122 non

218 3127 304 3159 sum
320 3148 330 3167 ,
359 3122 432 3158 nisi
460 3136 583 3162 causae
612 3128 868 3179 universales,
912 3132 946 3168 8<
975 3145 1128 3173 remotae
1166 3146 1322 3177 actuum

270 3190 324 3237 (1.1).
344 3187 395 3218 lta
421 3188 523 3221 etiam
548 3191 622 3224 liaec
660 3196 765 3228 verba
791 3197 918 3231 Ps'almi
957 3202 1145 3245 explicavit
1171 3205 1316 3239 Sanctus

218 3229 367 3263 Basilius
383 3253 393 3271 ,
430 3234 483 3265 vel
509 3237 655 3277 quilibet
681 3240 769 3272 alius
793 3244 926 3277 Auctor
949 3248 1058 3281 trium
1085 3250 1318 3284 Homiliarmn

221 3275 279 3309 De
305 3285 470 3312 structura
496 3279 667 3321 hominis,
693 3285 774 3317 edit.
801 3300 817 3319 a
839 3289 872 3319 P.
892 3292 1151 3327 Combefisioin
1177 3309 1238 3330 suo
1251 3296 1319 3330 Ba-

223 3325 306 3362 {J'lt'o
333 3329 503 3362 receasz'to
529 3326 628 3363 H0m‹
657 3329 683 3361 1.
708 3341 741 3363 n·
774 3342 801 3363 1.
829 3333 1008 3377 ἰωῇ-1110115,-
1055 3341 1116 3379 hoc
1144 3351 1221 3382 est,
1261 3356 1325 3388 quae

919 150 1321 195 mSSERTATIO
1354 152 1431 196 IV.
1467 151 1595 196 CAP.
1619 152 1718 196 VII.

1382 230 1637 271 humanorum
1698 227 1975 282 cujuscumque
2020 231 2166 283 generis
2195 246 2206 278 ς
2284 244 2371 284 ergo
2412 232 2488 273 &e-

1440 287 1526 332 140.
1556 284 1813 322 Confirmatur
1842 281 1925 319 haec
1945 282 2107 334 objectio
2124 315 2134 333 ,
2163 285 2254 337 quia
2274 285 2404 324 divina
2422 287 2490 324 de-

1379 347 1478 377 creta
1508 338 1598 376 talia
1626 350 1703 374 esse
1729 335 1867 373 dehent
1884 365 1894 383 ,
1925 345 1963 373 111
1984 350 2110 374 rerum
2133 339 2373 376 fortuitarum
2395 352 2484 377 con-

1378 392 1626 442 tingentiam,
1661 389 1694 424 81
1723 387 1904 425 humanae
1933 389 2132 427 voluntatis
2162 389 2377 429 libertatem
2404 405 2486 430 satt-

1377 453 1476 492 tam,
1506 452 1716 494 tectamque
1745 439 1980 492 relinquant:
2009 456 2095 494 ergo
2125 443 2163 479 in
2183 443 2274 493 ipsis
2294 443 2397 482 Deus
2425 458 2483 482 re-

1377 510 1464 534 rum
1487 497 1699 533 futurarum
1721 502 1896 531 eventum
1913 503 2016 532 certo
2027 495 2238 547 praevidere
2255 507 2325 533 non
2342 505 2484 548 potest.

1394 586 1397 587 γ
1435 549 1521 592 141.
1554 548 1664 598 Resp.
1694 546 1790 597 maj.
1818 561 1894 585 esse
1924 561 2055 586 veram
2082 549 2128 586 de
2147 562 2260 586 causa
2290 550 2485 587 universa-

1375 601 1427 649 li,
1457 602 1489 637 8(
1520 610 1687 648 remota,
1716 613 1804 650 qnae
1836 601 2014 652 impediri
2045 609 2187 651 potest,
2217 610 2256 639 ut
2275 609 2327 639 est
2346 615 2404 639 ex,
2425 615 2485 653 gt.

1377 653 1547 691 influxus
1573 653 1685 698 solis3
1716 651 1850 690 falsam
1880 667 1968 691 vero
1996 668 2072 691 esse
2101 655 2157 691 de.
2175 668 2289 693 causa
2318 655 2484 692 infinitae

1375 707 1558 745 efficaciae
1577 737 1587 755 ,
1625 705 1840 756 cujusmodi
1871 715 1953 750 sunt
1981 705 2129 744 decreta
2158 707 2260 755 Dei,
2303 709 2414 759 cujus
2442 721 2484 745 o-

1376 773 1470 797 mne
1499 760 1707 797 consilium
1735 757 1853 796 stabit
1874 788 1884 806 ,
1913 759 1962 798 <9¹
1990 764 2122 795 omnis
2151 757 2331 798 voluntas
2349 759 2428 812 fiet
2450 761 2485 798 I-

1376 815 1466 850 saiae
1497 813 1638 850 XLVI.
1665 826 1723 849 10.
1755 811 1865 849 Unde
1894 811 1934 848 S.
1965 810 2133 849 Thomas
2161 814 2390 864 quandoque
2419 827 2484 852 ven

1376 875 1436 903 cat
1463 867 1636 904 divinam
1665 864 1897 903 voluntatem
1925 862 2253 911 efficacissimam
2284 868 2298 915 (
2330 866 2362 902 i.
2381 865 2423 903 P.
2443 880 2486 918 q.

1380 931 1441 970 ¹9·
1470 928 1539 956 art.
1561 919 1599 957 8.
1631 918 1673 966 ),
1702 918 1928 969 quandoque
1949 916 2266 965 immutabilem,
2295 916 2330 953 8<
2358 922 2485 967 invin-

1375 971 1527 1010 cibilem
1556 974 1572 1023 (
1601 973 1639 1009 in
1669 971 1698 1008 Ι.
1728 971 1813 1008 dist.
1843 971 1908 1021 47.
1937 979 2074 1022 quaest.
2100 984 2133 1008 1.
2162 979 2231 1008 art.
2266 983 2300 1008 1.
2328 971 2377 1009 ad
2408 971 2483 1020 2.)

1374 1025 1582 1077 aliquando
1612 1037 1740 1076 agens
1758 1022 2034 1074 fortissimum
2065 1026 2238 1074 (quaest.
2259 1024 2323 1062 23.
2354 1023 2402 1061 de
2423 1037 2484 1063 ve-

1375 1082 1439 1116 rit.
1461 1087 1529 1116 art.
1550 1079 1585 1116 5.
1607 1078 1645 1124 ).
1676 1077 1806 1124 Dicit,
1837 1078 1892 1113 illi
1911 1079 2038 1113 resisti
2068 1090 2149 1113 non
2178 1090 2290 1129 posse
2311 1077 2486 1128 (Quodl.

1381 1144 1440 1168 12.
1471 1140 1540 1168 art.
1572 1131 1608 1169 5.
1639 1131 1653 1179 )
1698 1143 1791 1167 earn
1822 1143 1902 1167 non
1938 1142 2051 1180 posse
2093 1129 2275 1179 impediri
2321 1132 2336 1180 (
2366 1132 2404 1167 in
2433 1131 2485 1169 ΙΙ.

1373 1184 1458 1221 dist.
1489 1183 1553 1229 46,
1583 1191 1718 1235 quaest.
1753 1196 1785 1219 1.
1828 1192 1899 1220 art.
1935 1196 1969 1220 1.
1999 1183 2043 1231 ),
2090 1182 2150 1220 vel
2194 1181 2366 1234 deficere
2403 1196 2486 1220 non

1371 1249 1485 1286 posse
1515 1240 1529 1286 (
1559 1245 1694 1287 quaest.
1725 1234 1763 1272 6.
1795 1234 1842 1271 de
1871 1235 1979 1271 malo
2008 1243 2079 1272 art.
2110 1248 2177 1273 un.
2207 1237 2255 1273 ad
2277 1235 2377 1283 5.).
2408 1236 2486 1274 De-

1375 1303 1483 1328 mum
1513 1302 1603 1326 cum
1634 1288 1701 1326 illa
1729 1296 1839 1324 stare
1867 1300 1948 1324 non
1975 1300 2086 1336 posse
2107 1291 2364 1338 negationem
2388 1287 2485 1335 effe-

1374 1351 1486 1389 ctus,
1515 1354 1632 1392 quem
1661 1340 1736 1377 vult
1766 1342 1782 1391 (
1818 1354 1849 1377 1.
1883 1354 1918 1378 2.
1947 1349 2082 1392 quaest.
2116 1353 2177 1377 10.
2205 1348 2277 1377 art.
2307 1339 2346 1384 4.
2375 1340 2422 1377 ad
2447 1341 2487 1380 5.

1377 1395 1411 1431 Sc
1442 1393 1535 1432 alibi
1566 1395 1611 1441 ).
1653 1393 1701 1430 Et
1729 1392 1769 1430 S.
1800 1391 1956 1445 Prosper
1984 1394 2025 1430 in
2054 1393 2182 1430 Carm.
2211 1391 2260 1429 de
2288 1395 2459 1445 ingratis
2473 1423 2495 1442 ,‚

1377 1448 1452 1485 ait:
1499 1445 1607 1484 haud
1635 1444 1746 1484 dubie
1783 1447 1964 1497 impletur
2005 1444 2188 1498 quidquid
2217 1446 2293 1484 vult
2323 1458 2487 1484 summa

1376 1509 1553 1550 potestas
1569 1526 1578 1537 .

1437 1554 1524 1599 142.
1553 1552 1845 1591 confirmationi
1867 1566 1963 1604 resp.
1993 1552 2108 1591 simul
2130 1566 2224 1590 cum*
2250 1565 2379 1590 rerum
2401 1565 2487 1591 con-

1378 1606 1580 1658 tingentia,
1622 1620 1666 1644 ac
1696 1605 1870 1643 libertate
1899 1605 2067 1643 humana
2099 1604 2381 1643 conciliandam
2407 1619 2484 1644 esse

1376 1672 1568 1699 summam
1599 1659 1818 1697 divinorum
1841 1659 2082 1696 decretorum
2102 1657 2314 1696 efficaciam
2330 1687 2342 1705 ,
2372 1666 2488 1709 atque

1376 1710 1625 1748 infallibilem
1654 1719 1860 1748 eventuum
1903 1711 2196 1748 certi-tudinem.
2244 1710 2310 1748 Sic
2346 1709 2489 1760 enim,

1377 1763 1504 1813 inquit
1532 1762 1572 1798 S.
1605 1762 1836 1813 Augustinus
1866 1762 1914 1799 de
1946 1761 2122 1812 Corrept.
2150 1763 2200 1802 <9⁴
2235 1766 2371 1813 gratia
2400 1777 2488 1815 cap.

1382 1815 1444 1859 14.
1473 1814 1594 1861 velle,
1622 1814 1672 1854 (9‘
1702 1814 1806 1852 nolle
1835 1818 1875 1850 in
1904 1815 2092 1862 volentis,
2131 1823 2202 1851 ‹zut
2231 1816 2400 1853 nolentis
2430 1824 2489 1853 est

1376 1876 1589 1916 potestate,
1620 1876 1659 1903 ut
1680 1866 1857 1904 dic-inani
1877 1868 2121 1905 voluntatem
2142 1881 2223 1904 non
2243 1867 2487 1919 impediant,

1375 1933 1449 1957 nec
1477 1928 1660 1969 superent
1687 1928 1950 1970 potestatem.
1990 1920 2037 1957 Et
2065 1920 2106 1956 S.
2137 1919 2307 1958 Thomas
2336 1920 2424 1958 Lib.
2455 1921 2487 1959 I.

1380 1972 1493 2011 Cont.
1525 1972 1646 2011 Gent.
1674 1986 1759 2024 cap.
1789 1971 1855 2010 68.
1897 1971 2163 2021 Dominiunz,
2194 1974 2343 2025 inquit,
2386 1972 2495 2024 quod

1376 2025 1491 2064 habet
1519 2027 1697 2064 voluntas
1725 2038 1846 2074 supra
1874 2038 1964 2062 suos
1994 2034 2129 2073 actus,
2159 2038 2229 2074 per
2256 2025 2359 2077 quod
2386 2031 2427 2063 in
2448 2039 2487 2064 e-

1378 2080 1438 2127 jus
1463 2088 1525 2117 -est
1555 2087 1750 2127 potestate
1779 2079 1895 2126 celle,
1939 2078 1995 2115 vel
2024 2091 2104 2114 non
2147 2078 2268 2126 velle,
2313 2080 2491 2118 excludit

1371 2127 1753 2170 'determinationem
1781 2134 1931 2169 virtutis
1972 2130 2027 2168 ad
2056 2143 2208 2178 unum,
2255 2131 2304 2171 &
2343 2132 2487 2169 violen-

1376 2189 1477 2223 tiam
1499 2198 1635 2223 cazisoe
1654 2189 1830 2224 exterius
1849 2187 2007 2236 agentis
2019 2198 2033 2227 ‚·
2063 2196 2143 2221 non
2158 2193 2295 2221 autem
2316 2183 2487 2236 influen-

1378 2242 1479 2276 tiam
1511 2242 1720 2290 superioris
1748 2251 1906 2285 causae,
1937 2250 1965 2274 a
1993 2250 2073 2287 qua
2101 2244 2160 2275 est
2180 2240 2216 2274 ei
2236 2249 2350 2285 esse,
2377 2236 2427 2278 <9⁶
2446 2250 2488 2275 0,-

1378 2296 1538 2341 perari.
1569 2292 1660 2330 Vid.
1689 2306 1774 2343 sup.
1803 2303 1912 2329 1111111.
1949 2289 2036 2328 118.

1438 2344 1525 2389 145.
1555 2345 1631 2383 Ob.
1661 2344 1731 2383 ult.
1761 2344 1803 2382 Si
1833 2344 1963 2380 divina
1993 2344 2215 2380 futurorum
2240 2344 2405 2394 cognitio
2432 2356 2487 2381 es-

1380 2406 1432 2435 set
1461 2398 1500 2434 in
1528 2397 1687 2435 decretis
1715 2398 1865 2435 fundata
1883 2426 1892 2444 ,
1922 2404 2139 2447 sequeretur
2156 2425 2171 2443 ,
2204 2397 2399 2434 scientiam
2427 2397 2487 2435 vi-

1379 2451 1494 2488 sionis
1522 2450 1732 2488 virtualiter
1761 2449 1941 2500 distingui
1969 2464 1991 2486 a
2021 2449 2178 2486 scientia
2213 2448 2400 2500 simplicis
2428 2450 2488 2486 in-

1378 2502 1597 2554 telligentiae
1615 2534 1626 2552 ,
1668 2517 1755 2554 quae
1786 2503 1969 2540 antecedit
1997 2502 2147 2539 decreta
2163 2516 2180 2548 ;.
2209 2503 2304 2553 quia
2339 2502 2489 2541 demeto.

1379 2556 1591 2594 virtualiter
1619 2556 1901 2608 distinguuntur
1928 2554 1977 2593 ab
2006 2556 2161 2592 essentia
2190 2554 2350 2601 diviua3
2382 2556 2489 2607 atqui

1380 2622 1535 2648 concors
1565 2609 1844 2660 Tlieologorum
1873 2609 2004 2660 opinio
2032 2616 2112 2654 est,
2147 2609 2346 2645 scientiam
2376 2609 2488 2645 visio-

1380 2665 1439 2700 nis
1468 2676 1533 2700 nec
1563 2662 1776 2701 virtualiter
1804 2661 1984 2713 distingui
2010 2660 2202 2699 ascientia
2223 2659 2410 2711 simplicis
2429 2662 2489 2699 in—

1381 2715 1622 2766 telligentiae:
1652 2728 1740 2767 ergo
1769 2714 1839 2753 &c-

1441 2768 1527 2813 144.
1558 2769 1670 2821 Hesp.
1700 2782 1817 2805 unam
1835 2798 1844 2816 ,
1873 2766 2153 2818 eamdemque,
2191 2765 2225 2802 &
2253 2765 2490 2818 simplicissi-

1381 2834 1483 2858 mam
1513 2835 1588 2858 esse
1617 2823 1815 2859 scientiam
1844 2821 1945 2867 Dei,
1973 2821 2050 2858 sive
2078 2834 2166 2858 cum
2196 2819 2405 2870 praecedit‚
2439 2820 2489 2857 si-

1381 2886 1426 2909 ve
1454 2887 1541 2911 cum
1572 2874 1814 2926 subsequitur
1844 2875 1967 2925 ipsius
1984 2873 2185 2912 voluntatis
2198 2872 2367 2920 decreta,
2395 2873 2490 2924 quia

1381 2926 1529 2964 duobus
1557 2929 1693 2965 mediis
1719 2928 1915 2975 innititur,
1945 2941 2019 2965 non
2048 2925 2196 2963 duobus
2216 2926 2389 2962 motivis.
2418 2925 2490 2963 Di-

1383 2980 1529 3016 stinctio
1557 2990 1683 3017 autem
1721 2981 1964 3018 scientiarum
2001 2992 2074 3017 nou
2115 2992 2138 3014 a
2166 2976 2329 3024 mediis,
2376 2979 2445 3016 sed·
2467 2993 2490 3017 a

1384 3033 1535 3069 motivis
1563 3033 1773 3084 dependet.
1821 3033 1896 3070 Sed
1924 3033 2025 3083 piget
2054 3031 2092 3067 in
2133 3028 2191 3067 his
2219 3030 2492 3070 subtilitatibus

1385 3084 1503 3123 bonas
1532 3084 1639 3123 horas
1666 3087 1859 3125 insumere
1888 3083 1944 3134 (b)
1963 3109 1978 3122 .,

1384 3206 1427 3238 <Ze
1458 3213 1489 3237 te
1516 3214 1592 3247 est,
1621 3211 1798 3241 scientiam
1822 3206 1973 3240 mirabili
2001 3210 2132 3239 ratione
2158 3207 2392 3251 deprehendi.
2419 3205 2490 3238 Un-

1386 3253 1505 3284 (ἰέηαηι
1531 3265 1630 3294 porro
1643 3265 1657 3286 ,ι’
1693 3254 1749 3286 Ex
1775 3266 1850 3286 me.
1888 3253 1932 3285 D.
1957 3253 2026 3285 Jnl.
2054 3254 2202 3286 Granier
2229 3253 2289 3286 has
2318 3252 2487 3285 Homilias

1388 3298 1421 3330 in
1447 3297 1670 3342 appendicem
1698 3303 1721 3332 Ι.
1750 3299 1793 3332 Τ.
1820 3298 1960 3342 rejecit.

1443 3345 1491 3384 (b)
1517 3346 1755 3391 Argumenta,
1780 3344 1906 3391 quibus
1931 3344 2132 3381 Adversarii
2157 3346 2304 3394 probare
2331 3344 2494 3380 nituntur
