2577 3633
277 143 331 194 -42
1064 127 1320 176 DISSEZRT

277 235 336 258 ια.
366 217 466 257 Illud
481 223 629 264 autem,
659 215 761 253 beati
783 212 929 252 mundo
949 210 1064 250 corde
1084 210 1155 248 ἃς.
1186 212 1235 248 ita
1255 225 1320 249 ex-

216 275 334 326 plicat
364 273 463 309 idem
492 268 533 307 S.
564 271 791 320 Augustinus
821 268 907 306 Lib.
931 266 959 303 Ι.
989 263 1036 302 de
1063 262 1201 301 Trinit.
1232 279 1318 317 cap.

224 328 283 365 15.
323 324 427 362 Visio
443 322 603 374 formoe
631 322 709 360 Dei
736 324 891 359 nonnisi
928 317 1085 354 mundis
1114 317 1262 356 corde'.
1280 344 1290 355 .
1307 343 1317 356 .

216 379 316 416 idest
343 378 436 415 solis
465 378 535 427 piis
565 374 791 421 exhibetur,
828 384 990 422 quorum
1022 369 1219 409 dilectioni
1247 370 1317 409 hoc

214 435 341 483 ipsum
369 433 583 479 promittit,
612 431 705 479 quia
733 430 902 473 seipsum
930 422 1098 461 ostendit
1125 424 1222 462 illis.

275 485 334 522 15.
364 483 457 534 Obj.
486 483 674 520 secundo.
717 479 757 516 Si
787 478 859 514 Dei
889 478 1055 528 cognitio
1095 477 1318 516 naturaliter

213 537 324 575 nobis
351 538 390 574 in
420 537 489 574 hac
519 537 596 573 vita
625 546 695 571 non
726 533 841 577 inest,
872 531 1066 582 sequitur,
1096 544 1161 569 nos
1191 530 1317 568 Deum

213 592 385 628 imorum
413 589 562 632 colere3
592 586 694 637 atqui
725 583 808 620 haec
837 592 916 620 erat
937 582 1226 621 Atheniensium
1257 598 1317 620 su-

215 624 382 696 poermtio
398 673 408 690 ,
438 655 552 693 quain
583 639 621 676 S.
645 636 784 674 Paulus
805 637 892 673 Aci.
914 634 1045 674 XVII.
1076 636 1318 688 reprehendit

214 697 317 748 quod
344 710 447 734 aram
477 698 607 744 ignoto
636 688 723 727 Deo
752 691 973 726 erexissent.
1003 690 1127 727 immo
1154 692 1268 727 etiam
1298 705 1319 726 a

216 749 353 801 Moyse
369 746 544 784 Israelitis
571 743 841 795 exprobratum
866 743 979 780 fuisse
1007 741 1193 792 legimus,
1220 743 1320 792 quod

214 801 470 840 immolassent
486 796 597 844 Diis,
617 809 712 848 quos
728 794 988 848 ignorabant.
1018 796 1133 834 Dent.
1150 793 1320 832 XXXII.

218 869 277 905 ¹7·
306 865 393 904 ergo
420 851 490 888 &c.
521 851 612 903 (a).

271 906 331 951 14.
362 904 472 956 Resp.
502 917 570 941 nos
598 901 722 941 colere
751 901 898 950 Deum,
935 915 1003 940 nec
1032 901 1184 939 omnino
1213 903 1318 952 igno·

212 969 290 999 tum
309 989 319 1006 ,
347 972 417 997 nec
445 957 598 994 omnino
624 964 781 994 notum:
809 969 863 993 ex
890 964 1004 1005 parte
1024 959 1318 1006 cognoscimus,

213 1014 338 1065 inquit
359 1010 583 1063 Apostolus,
612 1009 662 1049 (9·
691 1021 744 1046 ex
772 1018 886 1058 parte
914 1009 1217 1061 prophetamus.
1247 1010 1319 1046 Co-

209 1067 450 1113 ignoscimus,
481 1064 608 1100 Deum
637 1064 819 1110 existere,
862 1076 1027 1114 eumque
1065 1076 1140 1098 esse
1170 1075 1289 1099 unum
1307 1089 1317 1108 ,

209 1109 246 1156 ἷζε
276 1119 394 1157 multa
425 1119 579 1168 insuper
606 1115 690 1167 ejus
710 1115 913 1161 attributa,
943 1117 1155 1167 cognitione
1176 1116 1318 1152 abstra-

210 1175 312 1211 ctiva
328 1202 339 1221 ,
368 1172 401 1208 &
421 1171 580 1208 obscura
598 1184 607 1214 3
639 1171 856 1220 ignoramus
875 1167 958 1219 ejus
977 1169 1197 1216 essentiam,
1226 1168 1318 1218 quia

210 1227 337 1263 lucem
368 1223 552 1261 inhabitat
580 1220 877 1260 inaccessibilem
896 1248 907 1259 .
952 1220 1153 1273 Apostolus
1191 1229 1316 1257 autem

210 1276 510 1329 reprehendebat
540 1274 780 1313 Athenienses
819 1275 875 1311 vel
906 1276 1023 1325 qnia,
1068 1284 1106 1311 ut
1135 1274 1175 1311 S.
1205 1273 1316 1311 Joan.

211 1331 500 1383 Clirysostomus
528 1329 645 1365 credit
675 1327 787 1365 Hom.
810 1326 1035 1365 XXXVIII.
1064 1328 1103 1365 in
1132 1326 1233 1364 hunc
1263 1326 1320 1362 lo·

211 1398 328 1431 cum,
358 1397 445 1420 cum
475 1395 602 1418 omnes
631 1390 822 1418 extraneos
850 1380 950 1417 Deos
976 1381 1227 1431 recepissent,
1271 1383 1319 1415 ti-

212 1446 367 1474 mentes
384 1465 394 1482 ‚
424 1434 637 1485 nejorsan
653 1433 700 1472 ζ’)
717 1434 819 1470 alius
833 1437 1028 1483 quispiam
1046 1442 1168 1479 esset,
1199 1445 1316 1481 quem.

212 1494 469 1540 ignorarent,
507 1489 599 1535 ipsis
625 1485 783 1535 quidem
812 1485 989 1522 nondum
1018 1488 1223 1535 cognitus,
1253 1488 1318 1534 qui

210 1551 346 1579 ttamen
376 1539 469 1577 alibi
497 1539 677 1585 colatur,
709 1546 867 1586 propter
896 1539 1096 1587 majorem
1126 1540 1318 1573 securita-

211 1605 304 1632 tem
313 1597 443 1631 etiam
472 1592 526 1628 illi
546 1591 676 1627 altare
692 1599 935 1635 erexerunt;
964 1590 1012 1630 <9⁶
1032 1592 1221 1640 quoniam
1237 1602 1318 1625 non.

208 1657 298 1687 erat
340 1643 578 1695 manifestus
606 1642 744 1690 Deus,
787 1646 1020 1691 inscriptum
1050 1652 1137 1680 est:
1184 1646 1318 1690 ignoto

212 1701 327 1739 Deo.
376 1699 447 1735 Vel
476 1699 568 1748 quia
597 1698 627 1733 si
657 1708 791 1732 verum
821 1695 947 1732 Deum
978 1697 1189 1744 ignorantes
1216 1694 1317 1730 cole-

210 1754 332 1798 bant,
363 1760 401 1788 ut
431 1750 638 1787 multorum
665 1748 796 1798 opinio
825 1757 902 1794 est,
932 1748 972 1784 iu
988 1760 1032 1783 eo
1051 1755 1176 1784 tamen
1191 1759 1318 1797 repre-

212 1804 416 1844 hensibiles
442 1811 574 1849 erant,
617 1800 717 1851 quod
747 1813 823 1837 nna
859 1799 975 1837 simul
1019 1798 1201 1837 falsorum
1230 1799 1318 1834 deo-

212 1872 298 1897 rum
327 1855 532 1895 simulacra
562 1861 858 1897 venerarentur3
889 1853 923 1888 8(
951 1852 1069 1904 quia,
1102 1861 1140 1888 ut
1168 1851 1208 1889 S.
1240 1854 1318 1889 Au-

214 1912 384 1964 gustinus
411 1908 585 1946 observat
615 1905 702 1943 Lib.
724 1906 755 1942 Ι.
784 1914 926 1942 contra
949 1905 1204 1942 Cresconium
1233 1918 1318 1956 cap.

216 1978 281 2017 29.
302 1963 351 2001 T.
371 1961 440 2000 IX.
470 1972 603 1998 verum
632 1958 764 1996 Deum
792 1967 938 2006 praeter
956 1957 1187 1996 Ecclesiam
1208 1962 1320 2010 igno-

217 2026 355 2055 ranter
383 2024 500 2065 atque
540 2013 726 2050 inutiliter
752 2011 963 2056 colebant;
1007 2012 1104 2050 unde
1134 2011 1205 2048 hoc
1242 2010 1320 2048 illis

219 2068 418 2122 Apostolus
446 2076 623 2118 praestare
652 2065 859 2117 cupiebat,
903 2074 942 2102 ut
970 2066 1147 2102 eumdem
1186 2077 1319 2102 verum

217 2124 342 2162 Deum
372 2126 412 2158 in
433 2119 621 2157 Ecclesia
649 2122 874 2169 sapienter,
904 2119 953 2158 (φ
983 2117 1190 2156 salubriter
1218 2117 1320 2155 cole-

217 2185 305 2214 rent
336 2173 391 2226 (b)
411 2200 421 2211 .

275 2230 336 2266 15.
366 2227 518 2278 Moyses
545 2234 670 2264 autem
700 2224 887 2262 israelitas
927 2233 1026 2262 recte
1066 2222 1320 2275 objurgabat,

216 2282 317 2334 quod
346 2278 630 2317 immolaverint
651 2279 736 2316 Diis
764 2277 923 2324 alienis,
952 2291 1047 2330 quos
1075 2287 1184 2315 antea
1213 2279 1318 2328 igno-

215 2335 375 2384 rabant,
404 2346 492 2370 cum
522 2340 639 2369 essent
668 2332 779 2368 unius
799 2331 879 2369 veri
899 2330 973 2368 Dei
1002 2330 1123 2368 cultui
1151 2330 1317 2376 addicti3

219 2388 318 2425 unde
347 2386 501 2425 subdit:
541 2388 654 2432 novi,
684 2392 939 2435 recentesque
967 2391 1180 2432 venerunt,
1223 2396 1318 2433 quos

219 2453 296 2478 non
327 2439 527 2477 coluerunt
555 2446 689 2487 patres
717 2450 881 2475 eorum.

276 2493 336 2531 16.
366 2494 505 2530 Instant
533 2490 595 2528 hic
624 2492 761 2528 acriter
780 2490 955 2528 Anomaei
973 2516 983 2527 .
1012 2489 1087 2528 Dei
1116 2497 1249 2527 natura
1269 2497 1321 2528 est

219 2545 525 2596 simplicissima3
554 2544 657 2596 atqui
688 2557 816 2581 rerum
845 2543 1082 2596 simplicium
1100 2572 1111 2590 ,
1152 2551 1239 2579 teste
1272 2543 1321 2579 Α·

219 2597 371 2636 ristotile
400 2597 489 2634 Lib.
520 2596 588 2634 IX.
629 2596 813 2647 Metaph.
842 2611 927 2648 cap.
959 2610 996 2648 7.
1037 2610 1082 2634 ea
1109 2604 1161 2633 est
1188 2595 1321 2633 condi-

224 2652 300 2697 tio,
330 2658 369 2686 ut
397 2649 455 2687 vel
485 2658 568 2686 totae
587 2679 597 2696 ,
626 2650 659 2685 8<
688 2651 843 2688 omnino
870 2651 1063 2698 sciantur,
1093 2647 1153 2686 vel
1183 2657 1268 2685 totae
1291 2649 1321 2685 i-

223 2711 449 2754 gnorentur.
485 2714 571 2752 ergo
599 2701 668 2739 ἃς.
709 2703 820 2749 Quod
847 2704 961 2741 etiam
992 2702 1188 2741 manifesta
1225 2702 1322 2739 ratio

226 2755 382 2801 suadet5
422 2755 507 2793 ideo
534 2755 634 2792 enim
663 2768 720 2792 res
748 2754 876 2808 aliqua
911 2757 1085 2808 cognosci
1124 2762 1241 2807 potest
1274 2767 1320 2790 ex

227 2889 299 2933 Ego
326 2900 408 2922 vero
431 2888 505 2922 haec
530 2889 636 2923 verba
662 2889 815 2922 invenire
841 2902 906 2924 non
931 2889 1052 2936 potui.

271 2941 320 2972 (a)
348 2937 505 2967 Lucanus
533 2937 572 2968 L·
600 2938 641 2968 II.
670 2935 759 2980 apud
784 2937 816 2968 S.
843 2939 931 2981 Aug.
958 2937 1035 2970 Lib.
1058 2938 1083 2969 l.
1109 2938 1152 2970 cle
1179 2935 1332 2969 Consen-

234 2995 266 3014 τη
294 2981 588 3021 Evangelistarum
614 2993 642 3014 c·
672 2983 726 3014 30.
756 2982 797 3014 T.
825 2983 882 3014 III.
909 2984 943 3015 P.
976 2985 1016 3016 II.
1042 2982 1180 3016 Judaeos
1207 2980 1332 3014 irride-

227 3027 287 3060 bat
303 3049 313 3066 ‚
338 3027 426 3070 quod
452 3028 562 3059 Deum
589 3028 760 3060 incertum
777 3050 787 3068 ,
825 3031 856 3059 &
882 3030 1036 3071 ignotum
1062 3030 1241 3069 colerent,
1277 3028 1331 3060 in-

227 3075 372 3117 quiens:
400 3078 440 3105 Θ
463 3075 585 3106 dedita
605 3078 696 3107 sacri
723 3078 846 3107 incerti
872 3074 986 3108 Juclaea
1006 3076 1102 3114 Dei,·
1127 3076 1208 3119 quia
1234 3085 1331 3106 nem-

229 3131 295 3163 pe,
321 3127 359 3151 ut
385 3118 544 3162 equidem
569 3129 677 3163 puto,
703 3121 796 3153 Deus
814 3118 1013 3154 Jndaeorum
1033 3124 1106 3154 sine
1133 3121 1271 3155 nomine
1295 3131 1331 3152 e-

227 3174 304 3204 1·at;
330 3173 450 3196 contra
476 3177 513 3197 ac
542 3166 598 3197 Dii
624 3167 817 3199 Gentilium
834 3189 843 3207 ,
879 3178 1028 3210 quorum
1053 3169 1142 3202 alius
1167 3167 1330 3212 Jupiter,

229 3211 318 3243 alius
345 3211 513 3242 Saturnus
546 3213 607 3242 ἃς.
635 3213 893 3254 appellabatur.

274 3258 320 3295 (b)
352 3256 428 3288 Non
455 3257 673 3289 consentiunt
702 3259 931 3302 Interprete5‚
966 3267 1040 3292 tum
1065 3269 1224 3300 veteres,
1258 3267 1333 3291 tum

230 3303 437 3335 recentiores
453 3324 462 3340 2
490 3303 566 3345 quis
591 3311 678 3334 esset
697 3304 834 3345 ignotus
860 3305 916 3336 ille
935 3305 1027 3337 Deus
1049 3305 1332 3338 Atheniensium.

232 3347 461 3385 Doctissiinns
486 3347 520 3380 P.
551 3347 703 3381 Thomas
730 3350 843 3382 Maria
870 3351 1087 3385 Mamachius
1109 3353 1219 3386 Tomo
1245 3353 1271 3384 1.
1290 3351 1338 3384 O—

1325 161 1342 174 .-
1367 129 1446 175 111.
1477 128 1608 174 CAP.
1638 129 1673 174 I.

1387 219 1520 263 parte,
1565 210 1598 246 ἃ
1625 223 1699 247 non
1723 206 1910 255 omnino,
1941 205 2038 260 quia
2068 208 2275 261 composi-ta
2301 220 2392 247 cum
2420 209 2492 263 sit,

1385 272 1503 317 potest
1532 279 1607 302 una
1637 277 1723 315 pars
1752 261 1895 308 latere,
1921 260 2014 299 dum
2033 261 2153 302 altera
2172 267 2426 313 cognoscitur3
2455 266 2496 302 id

1387 328 1512 355 autem
1545 319 1581 354 in
1612 330 1649 353 re
1678 315 1992 366 simplicissima,
2028 314 2243 366 cujusmodi
2283 325 2335 353 est
2363 317 2495 365 Deus,

1386 369 1514 408 locum
1546 369 1687 407 babere
1715 368 1874 420 nequit.

1439 423 1505 474 57.
1537 422 1647 473 Resp.
1678 422 1752 459 Dei
1783 429 1958 458 naturam
1985 433 2062 458 esse
2091 420 2246 472 quidem
2277 421 2315 458 in
2345 436 2382 459 se
2402 423 2494 460 sim-

1384 473 1666 527 plicissimam,
1696 475 1735 511 in
1765 488 1807 511 ea
1837 483 1988 520 tamen,
2031 483 2143 526 prout
2172 488 2193 510 a
2223 473 2330 511 nobis
2358 487 2495 526 cogno-

1383 530 1527 575 scitur,
1558 526 1687 579 plures
1706 525 1886 577 distingui
1907 536 2112 578 conceptus
2130 556 2139 574 ,
2171 534 2281 577 prout
2303 539 2417 577 supra
2432 541 2496 564 ex-

1413 583 1552 618 ostium
1583 581 1653 617 fuit
1675 608 1685 627 ,
1716 580 1783 617 ubi
1812 581 1858 616 de
1887 580 2126 618 distinctione
2147 579 2368 618 divinorum
2391 581 2497 618 attri-

1385 595 1562 671 limorum
1593 634 1765 684 egimus;
1795 645 1871 685 quo
1899 632 1968 680 fit,
1999 641 2037 669 ut
2066 632 2214 683 aliquas
2235 631 2403 682 ejusdem
2421 633 2497 671 Dei

1386 688 1635 738 proprietates
1650 699 1942 737 cognoscamus,
1973 685 2067 722 alias
2088 686 2324 735 ignoremus3
2355 684 2498 737 &quas

1387 741 1630 791 proprietates
1659 739 1944 790 cognoscimus,
1974 739 2196 788 imperiecte
2217 739 2330 775 etiam
2362 751 2495 789 cogno—

1387 806 1536 830 scamus
1552 822 1562 840 ,
1594 801 1632 828 ut
1659 805 1860 843 nunquam
1877 790 2066 828 infinitam
2089 790 2196 827 iilam
2216 791 2495 841 perfectionum

1388 844 1665 895 plenitudinem
1696 846 1883 896 possimus
1910 844 2110 894 cogitando
2144 842 2497 894 comprehendere.

1389 897 1465 934 Per
1483 896 1649 946 effectus
1665 928 1676 946 ,
1707 898 1830 949 inquit
1850 898 1979 934 Sanct.
2002 895 2170 933 Thomas
2190 896 2278 934 Lib.
2301 897 2365 934 III.
2388 907 2494 936 cont.

1390 948 1494 987 Gen.
1525 965 1559 988 c.
1591 950 1656 1002 49.
1686 949 1734 986 (le
1760 949 1849 987 Deo
1878 953 2178 1002 cognoscimus,
2207 953 2301 999 quia
2329 959 2416 996 est,
2445 951 2495 991 <9-

1385 1003 1487 1053 quocl
1517 1016 1643 1040 causa
1671 1004 1842 1040 aliorum
1866 1014 1955 1051 vesi,
1984 1003 2033 1043 <²9¹
2062 1004 2154 1040 aliis
2174 1007 2495 1052 supereminens,

1384 1058 1433 1095 <9⁴
1463 1054 1514 1092 ab
1542 1055 1723 1094 omnibus
1764 1065 1963 1103 remotus,
2012 1056 2061 1095 (θ’
2092 1054 2159 1092 lzoc
2189 1064 2247 1092 est
2283 1056 2465 1092 ultimum
2484 1086 2495 1104 ,

1384 1109 1434 1149 ὢ
1461 1108 1795 1160 perfectissimum
1826 1118 1975 1146 nostroe
2002 1112 2236 1161 cognitionis
2269 1112 2310 1145 in
2342 1108 2415 1146 lzac
2445 1113 2497 1147 ri-

1384 1172 1459 1199 ta:
1489 1161 1593 1199 unde
1622 1161 1846 1213 Dionysius
1874 1162 1967 1199 elicit
1996 1160 2044 1198 (le
2074 1171 2199 1212 myst.
2223 1160 2354 1200 Theol.
2375 1175 2409 1200 c.
2436 1175 2497 1201 11.

1383 1214 1483 1266 quod
1512 1214 1600 1252 Deo
1628 1219 1743 1266 quasi
1772 1219 1904 1265 ignoto
1932 1215 2242 1265 conjungimur:
2281 1214 2384 1264 quoti
2412 1219 2496 1266 qui-

1385 1268 1477 1305 dem
1506 1273 1724 1321 contingit,
1769 1268 1864 1305 dum
1893 1267 1941 1304 cle
1971 1265 2084 1315 Deo,
2126 1265 2219 1317 quid
2246 1279 2325 1304 non
2355 1271 2405 1305 sic
2433 1281 2497 1307 co-

1383 1325 1639 1373 gnoscimus,
1681 1321 1772 1372 quid
1801 1334 1888 1358 i‘ero
1915 1324 1965 1358 sit
1982 1350 1992 1368 ,
2035 1323 2190 1369 penitus
2218 1329 2359 1357 manet
2386 1324 2499 1371 igno·

1385 1384 1497 1422 tum,
1539 1374 1643 1412 uncle
1671 1375 1722 1415 (ῥ’
1750 1373 1805 1412 ad
1833 1373 1947 1426 hujus
1983 1372 2277 1411 sublimissimoe
2306 1378 2497 1425 cognitio-

1386 1431 1447 1464 nis
1476 1432 1755 1480 ignorantiam
1783 1426 2149 1464 demonstrandam
2185 1426 2233 1465 (le
2262 1425 2413 1479 ll‘loyse
2442 1427 2499 1465 cli-

1386 1485 1487 1518 citur
1515 1480 1651 1517 Exodi
1679 1481 1773 1519 XX.
1791 1522 1797 1528 ,
1815 1480 1916 1531 quod
1943 1483 2116 1518 accessit
2150 1479 2207 1517 ad
2248 1480 2465 1531 caliginem
2484 1509 2498 1529 ,

1386 1536 1427 1569 in
1455 1546 1535 1582 qua
1564 1542 1652 1570 erat
1681 1533 1819 1571 Deus.

1446 1585 1506 1622 18.
1537 1586 1613 1623 Ob.
1643 1587 1753 1622 tertio
1768 1611 1779 1622 .
1810 1585 2009 1631 Quaslibet
2028 1584 2190 1622 facultas
2209 1594 2325 1637 potest
2345 1587 2420 1625 suis
2440 1589 2499 1627 vi·-

1386 1638 1494 1675 ribns
1525 1638 1563 1675 id
1592 1647 1711 1676 totum
1741 1638 1945 1689 attingere,
1979 1638 2080 1689 quod
2112 1639 2211 1674 intra
2239 1637 2431 1687 sphaeram
2461 1655 2501 1678 e·

1385 1689 1446 1738 jus
1474 1688 1614 1739 objecti
1643 1691 1881 1734 continetnr;
1941 1691 1996 1727 sic
2038 1703 2097 1727 ex,
2135 1703 2193 1741 gr.
2222 1692 2325 1729 visus
2353 1694 2504 1744 attingit

1385 1754 1498 1778 omne
1526 1741 1736 1779 coIoratum
1754 1771 1764 1788 ‚
1808 1743 1911 1779 auris
1937 1755 2095 1779 omnem
2124 1756 2258 1779 sonum
2290 1744 2361 1782 ἃς.
2391 1748 2503 1798 atqui.

1385 1791 1490 1830 Deus
1517 1794 1730 1831 continetur
1759 1794 1797 1830 in
1827 1792 1979 1845 sphaera
2006 1793 2147 1844 objecti
2185 1795 2400 1834 intellectus
2430 1798 2500 1836 hu-

1385 1846 1517 1884 mani.
1564 1846 1664 1884 Nam
1702 1847 1829 1898 primo
1857 1846 1962 1884 Deus
1990 1856 2043 1884 est
2086 1848 2210 1898 prima
2229 1878 2240 1895 ‚
2285 1848 2318 1884 ἃ
2348 1864 2500 1890 summa

1387 1901 1520 1937 veritas
1541 1928 1551 1946 ,
1581 1900 1718 1937 veritas
1746 1908 1872 1937 autem
1903 1908 1954 1937 est
1981 1898 2176 1950 objectum
2207 1903 2323 1939 nostri
2352 1903 2503 1941 intelle-

1386 1960 1493 1990 ctus.
1524 1952 1726 2000 Secundo,
1757 1952 1827 1990 nisi
1858 1952 1960 1991 Deus
1990 1954 2244 1991 contineretur
2265 1954 2364 1993 intra
2391 1955 2499 2008 obje-

1387 2014 1490 2043 ctum
1533 2004 1771 2054 intellectus,
1815 2003 1929 2043 homo
1956 2019 2024 2059 per
2065 2006 2256 2057 gratiam,
2302 2007 2500 2048 &lumen

1385 2058 1522 2110 gloriae
1551 2058 1694 2097 elevari
1724 2072 1798 2096 non
1819 2067 1940 2110 posset
1960 2058 2006 2097 ad
2027 2059 2153 2097 Deum
2176 2060 2351 2098 intuitive
2370 2063 2501 2100 viden-

1386 2113 1507 2158 dum3
1549 2112 1738 2163 siquidem
1767 2111 1874 2149 nulla
1904 2113 2070 2164 potentia
2098 2121 2214 2163 potest
2242 2112 2385 2151 limites
2413 2129 2503 2166 pro-

1385 2166 1483 2217 priae
1513 2163 1674 2217 sphaerae
1706 2165 1978 2217 praetergredi,
2025 2173 2067 2202 ut
2095 2165 2200 2202 auris
2228 2164 2340 2203 nullo
2381 2169 2498 2206 modo

1388 2218 1518 2256 videre
1547 2227 1690 2269 potest,
1719 2232 1791 2256 nec
1818 2217 1952 2255 oculus
1980 2218 2139 2256 audire.

1445 2285 1505 2324 ¹9·
1538 2270 1650 2323 Resp.
1678 2272 1845 2323 Disting.
1868 2271 2016 2323 major.
2046 2270 2089 2308 Si
2117 2268 2311 2321 objectum
2333 2272 2379 2309 sit
2399 2272 2501 2324 ejus-

1385 2324 1472 2362 dem
1500 2325 1645 2362 ordinis
1667 2339 1777 2366 ,cnm
1807 2324 1983 2372 viribus,
2025 2337 2119 2375 quas
2147 2325 2314 2375 potentia
2351 2323 2466 2364 habet
2486 2357 2500 2375 ,

1385 2390 1528 2422 conc.,·
1556 2377 1587 2414 si
1616 2379 1792 2429 potentiae
1823 2379 1920 2415 vires
1949 2384 2124 2429 superet,
2162 2389 2290 2428 nego.
2339 2377 2499 2430 Duplex

1386 2440 1438 2468 est
1466 2430 1600 2471 modus
1628 2431 1874 2482 cognoscendi
1903 2431 2031 2468 Deum
2049 2459 2060 2478 ,
2101 2427 2246 2466 scilicet
2282 2432 2468 2470 naturalis
2485 2462 2497 2481 ,

1387 2485 1595 2535 cognitione
1625 2483 1852 2522 abstractiva
1881 2496 1926 2520 ex
1949 2483 2130 2521 creaturis
2151 2480 2304 2531 hausta,
2336 2483 2370 2520 8(
2392 2484 2498 2523 Deus

1390 2535 1461 2574 hoc
1489 2536 1604 2573 modo
1632 2545 1684 2573 est
1711 2536 1905 2586 objectum
1935 2535 2148 2575 intellectus
2177 2537 2319 2584 nostri,
2362 2551 2500 2589 quam-

1388 2590 1446 2629 vis
1475 2598 1628 2641 propter
1655 2589 1849 2628 infinitam
1878 2589 1962 2639 ejus
1988 2589 2208 2626 distantiam
2244 2591 2394 2627 nonnisi
2426 2592 2498 2628 im-

1389 2643 1662 2694 perfectissime
1690 2643 1805 2695 possit
1833 2657 1855 2679 a
1884 2641 1994 2678 nobis
2022 2641 2221 2691 cognosci:
2249 2642 2360 2679 sicuti
2389 2642 2500 2689 Obie-

1389 2705 1445 2733 cta
1474 2695 1660 2747 quaelibet
1689 2694 1829 2747 plene,
1861 2693 1895 2729 ἃ
1923 2694 2098 2731 distincte
2127 2693 2247 2730 videri
2277 2690 2496 2746 nequeunt,

1387 2761 1477 2786 cum
1507 2749 1620 2786 nimis
1649 2757 1734 2786 sunt
1770 2748 1820 2787 ab
1847 2746 1969 2786 oculis
2008 2747 2143 2784 nostris
2171 2755 2342 2786 remota.
2391 2748 2499 2787 Alter

2359 2814 2440 2838 mo-

1384 2887 1552 2930 riginum,
1580 2887 1620 2918 (Ὺ
1647 2887 1886 2927 antiquitatum
1904 2882 2097 2915 Christian.
2118 2880 2194 2914 Lib.
2216 2883 2257 2914 II.
2285 2894 2314 2914 c.
2334 2882 2368 2914 6.
2388 2886 2419 2924 ᾗ.
2443 2894 2455 2914 1
2469 2895 2496 2916 1.

1385 2932 1419 2963 in
1447 2939 1526 2964 nota
1554 2930 1596 2963 ad
1621 2942 1655 2975 p.
1683 2932 1763 2974 3²9·
1794 2930 1918 2964 multis
1943 2927 2176 2972 gravibusque
2204 2930 2391 2961 momentis
2416 2940 2501 2972 pro-

1383 2977 1470 3017 bat,
1506 2989 1630 3010 verum
1656 2978 1767 3009 Deum
1794 2977 1900 3008 fuisse
1917 2996 1928 3014 ,
1963 2974 2024 3007 ubi
2051 2972 2156 3005 etiam
2182 2975 2310 3007 multos
2337 2985 2497 3007 auctores

1383 3023 1424 3055 de
1450 3023 1515 3056 hac
1539 3024 1687 3056 materia
1715 3030 1930 3060 tractantes,
1955 3020 2054 3052 solita
2077 3030 2136 3050 sua
2164 3019 2357 3053 eruditione
2378 3032 2499 3054 recen-

1384 3079 1454 3102 set.
1481 3071 1612 3102 Contra
1638 3081 1720 3102 vero
1746 3070 1780 3101 P.
1808 3071 1896 3111 Aug.
1923 3066 2086 3104 Calmet‚
2114 3065 2262 3097 illustris
2287 3079 2375 3100 saer.
2402 3068 2496 3099 liter.

1384 3117 1669 3155 Commentator,
1697 3117 1730 3147 in
1761 3113 1927 3160 peculiari
1947 3112 2037 3144 lliss.
2064 3110 2104 3142 <le
2132 3110 2331 3156 Epigraphe
2351 3114 2427 3146 Arae
2445 3114 2499 3145 Α-

1385 3163 1605 3201 rhemensis,
1630 3163 1810 3206 praemissa
1838 3159 1984 3193 Actibus
2010 3158 2275 3199 Apostolorum,
2311 3168 2496 3203 postquam

1385 3209 1499 3240 varias
1526 3208 1673 3240 aliorum
1700 3207 1889 3240 sententias
1927 3203 2126 3243 attulisset,
2164 3204 2363 3245 contendit,
2399 3216 2495 3236 aram

1386 3255 1506 3293 illam,
1541 3266 1608 3289 non
1633 3266 1718 3288 vero
1741 3255 1814 3288 Deo
1847 3251 1948 3291 omli,
1984 3248 2042 3283 sed
2061 3252 2161 3284 alteri
2187 3252 2306 3295 ignoto
2341 3259 2494 3284 erectam

1386 3300 1510 3333 I'uisse.
