2577 3633
324 150 381 198 64

1017 137 1417 184 DisSErt'rA'rio
1451 130 1531 181 1112
1585 133 1713 181 CAP.
1745 132 1800 177 Il'.

255 227 328 262 rias
343 231 455 260 sectas
483 221 591 259 brevi
611 220 723 260 divisi
752 229 862 259 sunt.
891 219 1042 258 Primus
1069 221 1243 257 omnium
1264 219 1359 257 Pho·
1425 218 1563 268 stingui
1580 215 1696 253 solet.
1727 213 1897 261 Quidam
1913 213 2131 257 asola'voce
2145 210 2327 266 σ’μοέσιςγ
2355 213 2533 256 abhorres

255 279 356 314 tinus
385 277 531 312 natione
560 273 695 312 Galata
713 303 724 321 ,
771 274 905 313 Sirmii
934 273 1172 323 Episcopus,
1221 276 1236 323 (
1266 287 1354 324 quae

252 329 452 379 praecipua
481 336 569 365 tunc
598 337 676 364 erat
695 326 822 379 Illyrii
851 326 982 364 civitas
1013 324 1027 372 )
1059 336 1131 361 non
1158 325 1279 362 solum
1294 326 1355 363 Je—

249 394 335 417 sum
363 379 557 418 Christum
586 394 661 418 esse
691 394 824 417 verum
854 380 1006 423 Deum,
1045 375 1220 429 Patrique
1249 387 1356 415 aeter—

249 446 300 470 no
328 432 687 470 consubstantialem
719 446 793 468 una
823 445 910 468 cum
938 429 1031 466 Ario
1059 431 1245 480 negabat,
1291 432 1356 469 sed

250 494 455 537 antequam
484 484 672 532 Sabellii,
701 483 886 534 Paulique
915 481 1149 520 Samosateni
1179 483 1354 521 haeresim

248 539 455 586 suscitans⁷
506 538 675 575 Verbum
705 537 853 573 nonnisi
883 535 957 572 Dei
986 535 1208 574 attributum
1245 551 1353 584 esse,

248 592 367 643 impie
397 591 693 642 dogmatizabat,
740 588 975 639 addebatque
1022 601 1110 625 cum
1140 589 1352 636 Ebionitis,

248 642 440 681 Christum
470 644 584 680 fuisse
614 656 754 693 purum
785 640 980 678 hominem
999 669 1009 688 ,
1052 643 1119 693 qui
1148 651 1352 694 antequam

247 710 269 732 a
300 696 424 734 Maria
453 696 742 745 conciperetur,
773 694 912 731 nullibi
942 694 1128 731 extiterit.
1178 695 1351 732 Photinus

243 749 285 785 in
316 749 428 785 variis
444 747 607 798 Synodis
630 761 704 784 non
733 748 858 784 minus
886 747 934 785 ab
950 746 1207 795 Eusebianis,
1233 761 1348 799 quam

243 813 265 836 a
293 799 497 838 Catholicis
525 801 722 838 damnatus
752 809 830 847 est,
861 799 894 835 8t
922 799 1141 851 Episcopali
1170 801 1349 851 dignitate

243 853 437 903 privatus5
484 853 547 890 sed
575 862 729 905 propter
759 853 892 904 populi
921 853 1099 890 factiones
1127 866 1199 889 non
1230 854 1348 904 potuit

241 914 325 942 ante
354 920 416 943 an.
439 905 529 944 551.
560 922 581 943 a
609 920 676 943 sua
704 906 800 943 Sede
830 905 970 957 expelli
1002 905 1064 956 (a)
1083 932 1093 942 .
1122 905 1216 955 Ejus
1244 919 1346 943 erro-

240 971 298 995 res
327 968 453 1009 postea
481 960 677 997 renovavit
706 959 871 996 Bonosus
898 958 1108 1009 Episcopus
1145 959 1343 996 Sardicen-

238 1013 286 1048 sis
328 1013 367 1049 in
397 1011 649 1060 Macedonia,
694 1026 719 1049 a
745 1011 915 1050 Concilio
943 1011 1131 1063 Cap-‚icini
1167 1025 1228 1048 an.
1252 1011 1343 1063 589.

237 1064 507 1103 condemnatus
524 1091 534 1103 .

295 1116 355 1155 18.
384 1118 459 1155 Sed
490 1118 644 1156 ulterius
672 1118 804 1156 Ariani
834 1119 873 1156 in
902 1117 992 1155 duas
1021 1115 1114 1155 alias
1143 1115 1275 1155 classes
1304 1132 1342 1155 a-

235 1169 416 1208 bierunt.
464 1172 631 1219 Quidam
662 1186 803 1222 purum
834 1172 1094 1208 Arianismum
1124 1171 1341 1222 profitentes

235 1237 325 1260 cum
356 1223 490 1271 Aetio,
532 1226 600 1275 qui
629 1224 767 1262 atheus
796 1225 1082 1274 cognominatus
1112 1233 1189 1270 est,
1227 1233 1339 1275 atque

233 1275 427 1314 Eunomio
454 1277 644 1328 Episcopo
663 1278 848 1328 Cysiceuo
878 1275 932 1326 (b)
951 1306 961 1322 ,
992 1275 1139 1313 Filium
1161 1275 1261 1314 Patri
1282 1292 1338 1315 es-

232 1342 271 1365 se
300 1329 376 1366 sola
405 1332 575 1375 actione,
605 1329 638 1364 &
661 1329 846 1366 voluntate
873 1327 1037 1364 similem
1054 1358 1064 1375 ,
1096 1331 1251 1366 essentia
1272 1343 1335 1367 ve-

231 1394 275 1418 ro
303 1394 453 1432 prorsus
482 1381 705 1418 dissimilem
726 1380 1066 1431 blasphemabant3
1096 1381 1129 1416 δ(
1152 1382 1209 1417 isti
1232 1382 1335 1417 Ano-

231 1437 353 1481 mcec',
382 1434 474 1471 idest
503 1433 737 1481 dissimiles,
768 1434 859 1471 dicti
888 1442 970 1469 sunt
1001 1432 1056 1483 (c)
1076 1459 1085 1470 .
1124 1432 1249 1483 Hujus
1277 1448 1332 1470 se-

228 1495 299 1523 ctae
332 1496 432 1524 erant
462 1488 557 1524 inter
586 1485 678 1524 alios
708 1487 902 1524 Eudoxius
932 1486 1214 1533 Germanic-iae,
1252 1485 1332 1524 Eu-

227 1538 333 1589 zojus
362 1539 598 1587 Antiochiae,
629 1540 795 1578 Uranius
817 1538 940 1590 Tyri,
973 1537 1115 1576 Valens
1144 1538 1329 1588 Mursiae,

228 1591 263 1627 &
292 1592 471 1630 Ursacius
490 1593 704 1645 Singidonis
721 1593 926 1644 Episcopi3
956 1590 996 1628 hi
1027 1601 1150 1629 tamen
1179 1592 1252 1630 duo
1272 1607 1336 1644 po-

228 1648 357 1684 stremi
401 1646 583 1684 cothurno
625 1645 875 1684 versatiliores
913 1653 1127 1695 temporum
1171 1647 1337 1684 circum·

226 1700 371 1736 stantiis
399 1714 506 1737 suam
536 1700 654 1737 fidem
683 1698 969 1737 accommodare
1012 1707 1216 1736 noverant.
1273 1699 1334 1736 Ab

227 1749 286 1788 his
314 1753 460 1790 condita
490 1753 562 1789 fuit
590 1752 753 1788 secunda
782 1749 948 1787 formula
976 1749 1216 1798 Sirmiensis,
1246 1766 1334 1802 quae

230 1818 253 1840 a
282 1804 433 1841 Socrate
462 1804 550 1841 Lib.
572 1804 621 1840 11.
665 1803 771 1840 Hisc.
801 1801 915 1838 Eccl.
958 1815 992 1837 e.
1015 1803 1077 1838 25.
1110 1801 1142 1836 8<
1171 1818 1193 1839 a
1223 1803 1335 1840 Sozo-

228 1870 341 1893 meno
370 1856 458 1894 Lib.
480 1856 548 1893 IV.
578 1870 662 1905 cap.
687 1856 723 1893 5.
753 1855 939 1898 refertur,
970 1852 1002 1887 ὅ(
1031 1856 1132 1904 apud
1154 1856 1193 1893 S.
1225 1857 1334 1894 Hila-

228 1910 332 1946 rium
363 1910 400 1946 in
423 1909 510 1946 Lib.
540 1908 587 1946 sle
601 1908 772 1960 anocils
793 1906 905 1944 habet
927 1906 1129 1956 praefixuin
1161 1909 1333 1946 titulum:

226 1961 472 2013 Exemplum
488 1960 741 2012 blasphemiae
756 1960 862 2010 apud
876 1959 1065 1996 Sirmium
1079 1973 1149 2010 per
1171 1961 1310 1999 Osium
1322 1993 1332 2010 ‚

226 2015 277 2054 Εἴ)
307 2014 533 2052 Potamium
561 2017 821 2063 conscriptae.
870 2012 1016 2062 Nempe
1045 2014 1083 2049 iu
1111 2013 1181 2051 illa
1211 2014 1334 2054 Filius

225 2067 447 2113 dicebatur,
477 2067 588 2103 Patri
615 2079 684 2116 per
711 2069 847 2102 omnia
878 2063 1105 2102 dissimilis.

285 2135 343 2173 ¹9‘
375 2119 452 2157 Alii
482 2132 570 2157 vero
597 2133 619 2155 a
647 2119 768 2169 rigido
797 2117 867 2154 hoc
896 2117 1113 2154 Arianismo
1141 2118 1334 2158 declinau-

225 2182 305 2221 tes,
337 2172 481 2210 Filium
511 2172 668 2225 quidem
684 2171 784 2208 Patri
818 2171 986 2216 ἐμοιίσιον
1017 2169 1331 2211 consubstantia-

225 2228 303 2263 lem
318 2226 393 2263 diei
408 2238 534 2277 posse,
563 2225 768 2276 negabant,
790 2221 966 2261 volebant
981 2230 1128 2271 tamen,
1149 2239 1236 2263 eum
1253 2241 1331 2265 esse

226 2276 401 2326 ὅμοέι-ιπν
413 2307 425 2325 ,
446 2293 508 2316 seu
519 2280 740 2316 similemz'n
749 2275 997 2318 substantia;
1027 2275 1330 2328 hiqueSemi-A-

226 2332 326 2370 riani
342 2333 432 2370 dicti
447 2341 529 2370 suut
544 2331 604 2384 (d)
623 2358 633 2371 .
663 2332 810 2370 Horum
825 2326 966 2380 duplex
984 2342 1099 2380 genus
1119 2332 1256 2370 iterum
1271 2334 1329 2373 di-

269 2498 315 2534 (α)
340 2495 507 2529 Baronius
546 2495 588 2530 ad
615 2510 669 2531 an.
690 2496 771 2541 357.
796 2492 972 2530 nonnullis
1011 2497 1226 2539 argumentis
1263 2498 1329 2534 sibi

224 2543 320 2575 visus
346 2552 397 2575 est
423 2552 543 2575 contra
570 2545 745 2578 Socratem
761 2565 771 2583 ‚
813 2547 843 2576 &
869 2544 1097 2575 Sozotnenum
1115 2565 1125 2582 ,
1168 2545 1328 2587 probasse

225 2587 410 2622 Photinnm
439 2601 503 2621 non
530 2589 634 2622 fuisse
660 2598 946 2624 exauctoratum,
972 2587 1038 2620 nisi
1064 2601 1118 2621 an·
1139 2591 1246 2632 377.3
1271 2591 1329 2624 sed

226 2634 301 2666 falli
328 2636 370 2666 cl.
397 2636 587 2668 Annalium
623 2644 803 2679 parentem
828 2633 982 2667 indubiis
1020 2637 1204 2669 momentis
1233 2638 1331 2671 Peta-

227 2681 305 2712 vius
341 2680 489 2713 ostendit
530 2682 563 2714 in
599 2682 963 2715 Animadoen-sionibus
1007 2679 1050 2713 ad
1087 2683 1120 2713 S.
1157 2683 1330 2728 Epiphan.

225 2726 365 2759 Baronii
389 2727 585 2769 opinionem
611 2729 793 2761 restituere
821 2736 962 2760 conatus
988 2735 1039 2758 est
1066 2727 1101 2759 Ρ.
1129 2729 1330 2764 Sirmondus

225 2772 358 2805 duabus
387 2772 564 2806 Dt'atribis
593 2775 806 2813 Sirmiarzis3
848 2773 906 2806 sed
932 2784 1007 2804 eam
1045 2773 1174 2806 iterum
1199 2776 1330 2809 labefa-

225 2819 334 2852 ctavit
350 2819 531 2859 Petavius,
555 2818 647 2853 edita
665 2819 905 2853 dissertatione
931 2819 974 2851 cle
989 2817 1137 2852 Plzotino
1152 2843 1162 2860 ‚
1189 2826 1231 2853 ζ’)
1247 2822 1327 2854 Sir-

225 2864 510 2909 ruiensis-ynasco
526 2888 534 2896 .
562 2866 701 2899 Petavio
727 2875 843 2898 autem
869 2862 970 2898 modo
983 2876 1102 2898 omnes
1127 2865 1220 2900 docti
1246 2880 1326 2901 con-

227 2912 402 2943 sentiunt.
438 2912 552 2945 Multo
576 2912 686 2956 tnagis
712 2914 842 2944 erravit
868 2908 1023 2944 eruditus
1052 2911 1087 2943 P.
1112 2913 1165 2945 Jo.
1192 2915 1327 2947 Harae-

227 2956 321 2996 rius,
361 2956 441 2990 dum
470 2958 504 2990 in
531 2959 624 2991 Diss.
651 2960 694 2991 de
721 2959 841 2990 haren·
863 2980 873 2998 ,
914 2961 954 2988 ΦΓ
979 2956 1082 2990 libris
1109 2960 1269 2993 [Vestorii
1295 2964 1324 3003 9

227 3001 261 3033 5.
285 3014 325 3034 ex
353 3006 490 3036 Soc-rate
518 3005 593 3037 Lib.
610 3007 651 3037 ll.
678 3003 776 3036 Hist.
804 3003 904 3038 Eccl.
932 3015 961 3034 c.
984 3002 1038 3034 25.
1064 3006 1212 3047 scribit,
1240 3007 1326 3040 Pho-

225 3047 338 3079 tinum
377 3059 572 3083 constanter
609 3052 643 3083 in
676 3050 889 3084 confessione
916 3046 1074 3084 v’fitw'flcv
1112 3054 1324 3095 perstitisse:

228 3093 383 3126 Socrates
410 3095 495 3126 nihil
522 3098 588 3129 tale
613 3096 739 3130 habet.
790 3098 833 3130 Et
859 3110 1026 3142 prseterea
1052 3099 1131 3145 quis
1158 3100 1224 3132 sibi
1249 3111 1328 3144 per-

228 3136 390 3178 suadeat,
419 3140 601 3175 Photinmn
626 3144 731 3176 fuisse
757 3146 951 3181 consessum
967 3171 978 3188 ‚
1005 3144 1160 3182 Verbum
1185 3158 1257 3179 esse
1283 3158 1329 3178 ae-

228 3193 326 3216 terno
351 3185 443 3216 Patri
469 3189 787 3222 consubstantiale?

277 3231 323 3268 (b)
355 3231 515 3262 Ennomii
553 3241 667 3266 tamen
693 3235 850 3277 quaedam
888 3242 1043 3284 apolooia
1081 3238 1257 3273 invenitur
1293 3239 1328 3270 in

228 3276 329 3308 Tom.
349 3276 441 3308 Vlll.
469 3276 631 3310 Bibliorh.
657 3292 767 3322 graecae
792 3283 845 3313 JO·
872 3287 952 3318 Alb.
980 3269 1131 3320 fabricii
1159 3282 1194 3316 P.
1217 3285 1294 3316 262.

274 3327 319 3361 (c)
351 3323 400 3355 lta
422 3323 455 3354 S.
481 3323 697 3367 Epiphanius
725 3326 855 3359 Haeresi'
878 3333 1039 3366 LXXfll.
1055 3345 1088 3365 n,
1111 3333 1163 3364 13.
1190 3342 1249 3363 seu
1266 3342 1321 3374 po-

1422 269 1514 308 bant
1532 300 1542 317 ,
1580 269 1624 305 de
1654 280 1743 304 vera
1773 265 1866 304 Filii
1895 266 2092 304 divinitate
2121 283 2208 306 cum
2237 270 2441 308 Catholicis
2470 285 2529 308 re-

1423 332 1480 360 cte
1509 323 1730 359 sentientes.
1768 318 1848 356 Alii
1877 331 1965 356 vero
1993 320 2109 357 simul
2137 335 2225 359 cum
2255 336 2345 361 voce
2373 323 2531 362 catholi-

1423 389 1512 413 cum
1541 375 1675 424 dogma
1705 372 1954 423 respuebant.
1982 369 2157 409 Priorum
2188 375 2300 413 duces
2329 386 2433 414 eraut
2453 378 2531 414 Ge-

1421 428 1548 478 orgius
1576 426 1836 471 Laodicenos,
1875 425 1909 460 8<
1939 422 2149 462 Marcellus
2179 427 2402 478 Ancyranus
2433 430 2490 481 (e)
2513 458 2526 477 ‚

1421 481 1489 531 qui
1512 480 1624 516 etiam
1653 479 1692 515 in
1706 477 1876 516 Concilio
1896 477 2102 528 Ancyrano
2120 491 2184 515 au.
2207 474 2299 516 558.
2329 480 2531 520 Anomaeos

1421 532 1749 578 condemnarunt,
1797 529 1830 565 ἃ
1861 528 2010 567 Hilario
2037 531 2076 567 in
2105 529 2207 567 libro
2248 530 2296 568 de
2325 532 2497 584 Synodls
2517 564 2529 583 ‚

1420 598 1487 621 nec
1516 597 1591 621 non
1623 582 1830 621 Athanasio
1860 584 1898 619 iu
1927 582 2029 620 libro
2058 583 2148 620 item
2178 582 2226 620 de
2254 583 2429 636 Synodis
2457 588 2529 625 Ca-

1420 635 1552 673 tholici
1583 638 1654 674 visi
1683 645 1769 673 sunt
1787 662 1797 673 .
1841 635 1911 672 His
1939 645 2183 673 accensentur
2213 638 2328 674 etiam
2357 637 2530 690 Cyrillus

1417 688 1773 741 Jerosolymitanus,
1805 687 2026 726 &Melitias
2042 688 2322 739 Antiocheuus,
2351 692 2420 743 qui
2435 691 2529 730 Sau—

1418 750 1564 779 ctorum
1593 741 1697 779 cultu
1727 743 1907 779 fruuntur
1937 741 2003 792 (f)
2021 766 2031 778 .

1471 807 1535 833 20.
1565 795 1671 832 Semi
1702 795 1934 832 Arianorum
1965 794 2078 831 factio
2119 794 2303 847 depressis
2334 796 2530 836 Auomaeis

1415 861 1565 899 semper
1607 848 1727 899 magis
1755 847 1947 892 excrevit3
1995 848 2095 884 unde
2137 848 2170 884 8<
2200 848 2397 887 Eudoxius
2427 852 2527 888 Ano-

1414 913 1601 937 maeorum
1646 902 1912 952 antesignanus
1940 902 1979 938 in
2023 900 2182 938 exilium
2213 910 2316 939 actus
2345 903 2444 950 fuit,
2492 902 2529 938 δε

1411 954 1543 991 onmia
1589 954 1823 1006 exemplaria
1863 953 2039 991 secundae
2083 954 2262 991 formulae
2304 954 2526 994 Sirmiensis

1411 1006 1620 1044 Constantii
1650 1007 1937 1058 diligentissime
1965 1007 2177 1058 conquisita
2196 1037 2205 1055 ,
2236 1007 2270 1044 8<
2299 1008 2379 1058 igni
2408 1009 2524 1046 tradi-

1411 1066 1449 1095 ta
1478 1060 1584 1097 fuere
1602 1089 1612 1108 ,
1661 1069 1700 1096 ut
1728 1059 1899 1097 Socrates
1928 1059 2043 1096 refert
2072 1058 2156 1096 loco
2185 1075 2269 1112 sup.
2300 1062 2366 1098 cit.
2396 1061 2526 1114 Atque

1409 1123 1469 1150 res
1498 1114 1549 1149 ita
1569 1127 1605 1150 se
1622 1111 1813 1161 habebat,
1846 1126 1962 1164 usque
1992 1112 2038 1149 ad
2068 1126 2131 1150 an.
2155 1112 2246 1151 560.
2277 1114 2317 1150 in
2332 1127 2409 1165 quo
2423 1114 2524 1151 Con-

1411 1167 1566 1203 stantius
1595 1165 1698 1203 diem
1728 1176 1968 1213 extremum,
2016 1178 2090 1203 non
2119 1166 2199 1203 siue
2237 1167 2370 1205 veneni
2399 1168 2522 1220 suspi-

1407 1220 1516 1256 cione
1532 1249 1543 1266 ,
1572 1219 1667 1255 obiit
1686 1245 1697 1255 .

1461 1285 1524 1309 21.
1553 1270 1634 1307 Sub
1673 1270 1742 1308 hoc
1780 1271 2009 1321 Imperatore
2052 1270 2398 1309 calamitosissimus
2441 1273 2515 1311 fuit

1402 1323 1587 1361 Ecclesiae
1618 1331 1760 1370 status,
1804 1337 1919 1374 quem
1948 1323 1989 1359 S.
2020 1323 2191 1360 Hilarius
2219 1323 2400 1375 graphice
2429 1327 2516 1377 pin-

1401 1377 1455 1427 git
1485 1378 1524 1414 iu
1554 1375 1624 1412 lib.
1655 1375 1744 1412 adv.
1779 1375 2057 1412 Constantium
2075 1400 2085 1411 .
2114 1374 2164 1412 Et
2191 1383 2318 1412 tamen
2347 1388 2422 1413 non
2452 1378 2516 1415 de-

1401 1437 1483 1465 sunt
1504 1458 1515 1476 ,
1545 1430 1610 1478 qui
1642 1436 1796 1479 putent,
1845 1427 2134 1475 Constantium,
2181 1441 2406 1480 quanquam
2436 1439 2518 1468 erat

1399 1482 1501 1519 vocis
1530 1476 1703 1535 ἐμοέσιον
1733 1482 1941 1519 acerrimus
1962 1480 2076 1518 hostis
2092 1510 2103 1528 ,
2133 1481 2308 1517 ortodoxe
2327 1489 2452 1519 tamen
2467 1483 2515 1520 de

1398 1533 1494 1572 Filii
1523 1536 1719 1573 divinitate
1748 1535 1929 1572 sensisse.
1961 1534 2042 1571 Hoc
2057 1542 2156 1571 certe
2175 1534 2221 1570 de
2250 1546 2293 1570 eo
2321 1532 2516 1585 judicium.

1403 1587 1491 1625 tulit
1521 1587 1780 1625 Theodoretus
1810 1588 1898 1626 Lib.
1919 1588 1985 1625 Ill.
2016 1585 2122 1624 Hlsc.
2152 1585 2267 1624 Eccl.
2309 1600 2344 1624 c.
2365 1586 2403 1632 4.
2452 1589 2513 1626 in-

1402 1642 1562 1693 quiens:
1590 1645 1663 1679 etsi
1691 1644 1799 1678 enim
1823 1639 2076 1678 Constantius
2105 1638 2286 1687 deceptus
2315 1639 2364 1676 ab
2396 1641 2509 1688 aliis,

1403 1693 1536 1745 quibus
1555 1708 1596 1731 se
1625 1693 1844 1746 regendum
1872 1697 2129 1743 permiserat,
2160 1691 2508 1732 consubstantialis

1403 1747 1632 1784 Vocabulum
1660 1761 1740 1784 non
1760 1747 1923 1785 atlrnt'sz't
1940 1777 1951 1796 ,
1981 1759 2142 1785 sensum
2171 1754 2311 1784 minen
2328 1747 2413 1798 ejus
2430 1749 2511 1785 sin-

1401 1812 1491 1838 cere
1518 1799 1723 1851 confessus
1752 1808 1836 1838 est.

1774 1904 2014 1944 CAPUT
2069 1906 2136 1943 III.

1400 2009 1464 2047 De
1505 2010 1664 2049 Ariana
1704 2010 1846 2050 haeresi·
1887 2011 1956 2049 sub
1985 2010 2290 2061 Impetum-ibus
2318 2011 2505 2064 Iuliano,

1454 2063 1617 2102 Joviano
1634 2094 1644 2113 ,
1664 2062 1845 2116 *Valente
1861 2095 1872 2113 ,
1905 2064 2126 2114 Gratiam),
2154 2078 2205 2103 <tc
2239 2065 2475 2106 Theodosio.

1455 2182 1518 2207 22.
1535 2151 1772 2216 Constantio
1799 2170 1976 2208 Julianus
2017 2172 2058 2208 in
2099 2172 2263 2221 imperio
2303 2174 2507 2222 successit,

1399 2223 1466 2273 qui
1496 2225 1542 2261 ad
1572 2223 1826 2261 idololatriam
1856 2222 2061 2261 infeliciter
2090 2223 2315 2272 deflectens,
2359 2235 2505 2263 contro-

1398 2277 1535 2314 versias
1564 2278 1661 2314 inter
1689 2275 1922 2314 Christianos
1951 2277 2117 2314 maxime
2147 2278 2273 2328 vigere
2301 2279 2504 2330 cupiebam

1397 2330 1498 2368 uude
1539 2332 1653 2370 etiam
1693 2343 1822 2370 omues
1863 2328 2071 2382 Episcopos
2092 2359 2103 2378 ,
2145 2338 2224 2368 tam
2265 2330 2506 2380 Catholicos,

2333 2399 2451 2438 quam

1398 2499 1466 2534 tius
1479 2519 1489 2538 ,
1513 2505 1552 2530 ut
1570 2494 1767 2541 suspicatur
1785 2494 1944 2530 Petavius
1958 2519 1969 2537 ,
1996 2495 2054 2529 ille
2071 2496 2166 2530 locus
2191 2502 2240 2527 est
2260 2491 2504 2537 intelligendus

1398 2545 1438 2579 de
1452 2544 1723 2585 Semi-Arianis,
1750 2557 1898 2589 quorum
1913 2543 2294 2578 Commentariuman.
2318 2551 2370 2573 12.
2397 2551 2507 2584 usque

1400 2592 1441 2625 ad
1471 2593 1525 2625 23.
1553 2591 1587 2623 S.
1614 2591 1831 2636 Epiphanius
1857 2591 2018 2636 exponit.
2415 2632 2421 2638 ⁸

1444 2640 1495 2676 (d)
1520 2637 1728 2681 Quanquam
1755 2637 1819 2670 hoc
1845 2650 1970 2671 nomen
1996 2638 2031 2670 in
2057 2635 2216 2670 Concilio
2241 2634 2506 2676 Constantinop.

1401 2686 1486 2717 Can.
1509 2685 1532 2716 Ι.
1558 2684 1844 2724 macedonianis,
1870 2685 1931 2729 qni
1957 2685 2107 2729 Spiritus
2133 2682 2250 2716 Sancti
2280 2679 2502 2713 divinitatem

1399 2731 1594 2775 negabant,
1620 2734 1756 2777 proprie
1782 2733 1956 2766 tributum
1982 2740 2053 2764 est.

1444 2783 1491 2815 (e)
1517 2778 1566 2810 De
1593 2780 1753 2811 Marcelli
1781 2780 1962 2824 Ancyrani
1987 2776 2194 2811 orthodoxia
2218 2783 2317 2807 vetus
2343 2779 2393 2822 est
2421 2781 2503 2802 con-

1398 2824 1565 2856 troversia
1592 2837 1609 2857 a
1630 2826 1880 2858 recentioribus
1894 2834 2058 2858 renovata
2073 2845 2084 2864 ,
2109 2821 2150 2855 de
2176 2833 2244 2865 qua
2264 2817 2372 2850 videri
2389 2823 2503 2859 potest·

1393 2868 1495 2900 Bern.
1522 2870 1774 2905 Montfauconii
1800 2868 1966 2905 Diacriba
1993 2871 2093 2904 Toxn.
2113 2871 2154 2901 ll.
2182 2866 2408 2898 Colleccionz's
2434 2861 2501 2893 Pa—

1396 2921 1481 2946 trnm
1512 2915 1698 2950 Gra-cerum
1715 2941 1723 2948 .
2469 2952 2475 2958 ι

1440 2960 1492 3003 (s)
1517 2961 1784 2996 Eruditissimus
1810 2962 2051 2996 Benedictinus
2077 2956 2282 2991 Prudentius
2308 2954 2430 3005 Mar'an
2467 2964 2505 2984 ιη

1395 3006 1486 3039 Diss.
1516 3008 1582 3039 Sar
1618 3011 1670 3041 les
1698 3010 1942 3048 Semini-iens,
1981 3018 2086 3050 quam
2123 3002 2264 3037 Parisiis
2300 2998 2407 3032 edidit
2443 3009 2499 3030 an.

1402 3063 1500 3094 1722·
1528 3062 1565 3084 ut
1593 3056 1822 3088 Concellitain
1858 3069 1960 3089 suum
1986 3057 2133 3098 August.
2161 3052 2499 3100 'l'outtelllnfontsa

1399 3097 1658 3134 Tr‘evoltienses
1685 3101 1905 3143 defenderet,
1931 3103 2125 3135 luculenter
2140 3099 2414 3144 demonstravit,
2440 3100 2496 3122 eos

1397 3145 1457 3188 ‘1¹¹5
1485 3146 1587 3189 VUISO
1614 3148 1856 3182 Semi-Ariani
1881 3156 2074 3189 vocantur,
2099 3159 2117 3178 a
2144 3153 2238 3177 recta
2265 3139 2330 3194 fide
2354 3138 2498 3172 Nicaena

1397 3191 1539 3223 minime
1566 3194 1693 3227 alienos
1719 3195 1822 3227 fuisse
1839 3217 1849 3234 ,
1890 3195 2048 3239 quamvis
2074 3204 2195 3225 vocem
2214 3185 2376 3238 ὅμῡῦθίθῖ.
2394 3192 2496 3232 11511ξ·

1396 3248 1478 3280 pare
1505 3249 1725 3272 recusarent.
1775 3239 1868 3273 Idem
1895 3241 2007 3284 ipsum
2034 3251 2154 3272 rursus
2190 3234 2340 3270 ostendit
2369 3243 2402 3264 in
2427 3227 2496 3260 alio

1397 3294 1458 3315 ⁵¹¹⁰
1496 3284 1630 3326 Opere,
1674 3286 1764 3329 quos!
1799 3287 1996 3331 inscripsit:
2041 3286 2218 3318 Divinitas
2246 3282 2291 3314 D.
2319 3279 2365 3313 N*-
2393 3272 2495 3327 J-UC·

1395 3328 1580 3373 manifesta
1604 3333 1639 3364 ῑη
1667 3333 1871 3376 Scriptura,
1897 3338 1935 3366 (t
1963 3332 2149 3368 traditione
2170 3326 2326 3364 Lib.1V.
2351 3328 2498 3367 cap-022·
