<?xml version="1.0" encoding="UTF-8"?>
<!DOCTYPE html PUBLIC "-//W3C//DTD XHTML 1.0 Transitional//EN"
    "http://www.w3.org/TR/xhtml1/DTD/xhtml1-transitional.dtd">
<html xmlns="http://www.w3.org/1999/xhtml" xml:lang="en" lang="en">
 <head>
  <title>
</title>
<meta http-equiv="Content-Type" content="text/html;charset=utf-8" />
  <meta name='ocr-system' content='tesseract 3.04.00' />
  <meta name='ocr-capabilities' content='ocr_page ocr_carea ocr_par ocr_line ocrx_word'/>
</head>
<body>
  <div class='ocr_page' id='page_1' title='image "./fratrispetrimari02gazzuoft/fratrispetrimari02gazzuoft_0447.png"; bbox 0 0 2577 3633; ppageno 0'>
   <div class='ocr_carea' id='block_1_1' title="bbox 0 1636 40 3633">
    <p class='ocr_par' dir='ltr' id='par_1_1' title="bbox 0 1636 40 3633">
     <span class='ocr_line' id='line_1_1' title="bbox 0 1636 40 3633; baseline 0 0"><span class='ocrx_word' id='word_1_1' title='bbox 0 1636 40 3633; x_wconf 95' lang='lat' dir='ltr'> </span> 
     </span>
    </p>
   </div>
   <div class='ocr_carea' id='block_1_2' title="bbox 808 120 1636 169">
    <p class='ocr_par' dir='ltr' id='par_1_2' title="bbox 808 120 1636 169">
     <span class='ocr_line' id='line_1_2' title="bbox 808 120 1636 169; baseline 0.002 -4"><span class='ocrx_word' id='word_1_2' title='bbox 808 121 891 165; x_wconf 77' lang='lat' dir='ltr'>DE</span> <span class='ocrx_word' id='word_1_3' title='bbox 925 120 1174 166; x_wconf 87' lang='lat' dir='ltr'>SYNODO</span> <span class='ocrx_word' id='word_1_4' title='bbox 1206 120 1605 169; x_wconf 85' lang='lat' dir='ltr'><strong>FLORENTINA</strong></span> <span class='ocrx_word' id='word_1_5' title='bbox 1624 154 1636 167; x_wconf 88' lang='lat'><strong>.</strong></span> 
     </span>
    </p>
   </div>
   <div class='ocr_carea' id='block_1_3' title="bbox 71 200 1194 2865">
    <p class='ocr_par' dir='ltr' id='par_1_3' title="bbox 74 200 1187 839">
     <span class='ocr_line' id='line_1_3' title="bbox 75 200 1184 258; baseline -0.008 -11"><span class='ocrx_word' id='word_1_6' title='bbox 75 214 139 247; x_wconf 83' lang='lat' dir='ltr'>&#39;cos</span> <span class='ocrx_word' id='word_1_7' title='bbox 167 203 323 246; x_wconf 65' lang='lat' dir='ltr'>utuinisi</span> <span class='ocrx_word' id='word_1_8' title='bbox 350 209 433 258; x_wconf 84' lang='lat' dir='ltr'>post</span> <span class='ocrx_word' id='word_1_9' title='bbox 459 200 614 254; x_wconf 82' lang='lat' dir='ltr'>longas,</span> <span class='ocrx_word' id='word_1_10' title='bbox 641 214 687 240; x_wconf 84' lang='lat' dir='ltr'>ae</span> <span class='ocrx_word' id='word_1_11' title='bbox 706 201 848 254; x_wconf 79' lang='lat' dir='ltr'>saepius</span> <span class='ocrx_word' id='word_1_12' title='bbox 876 203 1027 241; x_wconf 79' lang='lat' dir='ltr'>iteratas</span> <span class='ocrx_word' id='word_1_13' title='bbox 1055 201 1184 254; x_wconf 83' lang='lat' dir='ltr'>dispu-</span> 
     </span>
     <span class='ocr_line' id='line_1_4' title="bbox 77 255 1186 307; baseline -0.006 -7"><span class='ocrx_word' id='word_1_14' title='bbox 77 262 236 300; x_wconf 82' lang='lat' dir='ltr'>tationes</span> <span class='ocrx_word' id='word_1_15' title='bbox 263 259 413 300; x_wconf 86' lang='lat' dir='ltr'>veritati</span> <span class='ocrx_word' id='word_1_16' title='bbox 442 255 598 294; x_wconf 86' lang='lat' dir='ltr'>demum</span> <span class='ocrx_word' id='word_1_17' title='bbox 627 257 803 294; x_wconf 77' lang='lat' dir='ltr'>¹cessisse:</span> <span class='ocrx_word' id='word_1_18' title='bbox 832 255 867 292; x_wconf 74' lang='grc' dir='ltr'>δι</span> <span class='ocrx_word' id='word_1_19' title='bbox 887 257 938 294; x_wconf 85' lang='lat' dir='ltr'>ita</span> <span class='ocrx_word' id='word_1_20' title='bbox 966 255 1123 307; x_wconf 88' lang='lat' dir='ltr'>quidem</span> <span class='ocrx_word' id='word_1_21' title='bbox 1147 264 1186 293; x_wconf 83' lang='lat' dir='ltr'>ut</span> 
     </span>
     <span class='ocr_line' id='line_1_5' title="bbox 77 304 1184 362; baseline -0.007 -9"><span class='ocrx_word' id='word_1_22' title='bbox 77 314 191 353; x_wconf 87' lang='lat' dir='ltr'>multi</span> <span class='ocrx_word' id='word_1_23' title='bbox 220 325 352 352; x_wconf 87' lang='lat' dir='ltr'>eorum</span> <span class='ocrx_word' id='word_1_24' title='bbox 367 311 493 349; x_wconf 80' lang='lat' dir='ltr'>eidem</span> <span class='ocrx_word' id='word_1_25' title='bbox 523 319 644 362; x_wconf 88' lang='lat' dir='ltr'>usque</span> <span class='ocrx_word' id='word_1_26' title='bbox 671 304 720 347; x_wconf 76' lang='lat' dir='ltr'>ad</span> <span class='ocrx_word' id='word_1_27' title='bbox 747 318 909 346; x_wconf 79' lang='lat' dir='ltr'>&#39;mortem</span> <span class='ocrx_word' id='word_1_28' title='bbox 930 309 1184 357; x_wconf 82' lang='lat' dir='ltr'>adhaeserint,</span> 
     </span>
     <span class='ocr_line' id='line_1_6' title="bbox 79 361 1184 416; baseline -0.007 -10"><span class='ocrx_word' id='word_1_29' title='bbox 79 381 155 406; x_wconf 88' lang='lat' dir='ltr'>non</span> <span class='ocrx_word' id='word_1_30' title='bbox 183 365 418 405; x_wconf 79' lang='lat' dir='ltr'>obstantibus</span> <span class='ocrx_word' id='word_1_31' title='bbox 458 363 788 416; x_wconf 77' lang='lat' dir='ltr'>persecutionibus</span> <span class='ocrx_word' id='word_1_32' title='bbox 816 361 1155 400; x_wconf 79' lang='lat' dir='ltr'>Schismaticorum</span> <span class='ocrx_word' id='word_1_33' title='bbox 1173 391 1184 410; x_wconf 91' lang='lat'>,</span> 
     </span>
     <span class='ocr_line' id='line_1_7' title="bbox 79 414 1185 472; baseline -0.007 -13"><span class='ocrx_word' id='word_1_34' title='bbox 79 421 120 459; x_wconf 85' lang='lat' dir='ltr'>in</span> <span class='ocrx_word' id='word_1_35' title='bbox 147 417 288 472; x_wconf 90' lang='lat' dir='ltr'>quibus</span> <span class='ocrx_word' id='word_1_36' title='bbox 308 418 454 465; x_wconf 78' lang='lat' dir='ltr'>exilia,</span> <span class='ocrx_word' id='word_1_37' title='bbox 483 417 672 456; x_wconf 83' lang='lat' dir='ltr'>honorum</span> <span class='ocrx_word' id='word_1_38' title='bbox 702 415 995 468; x_wconf 79' lang='lat' dir='ltr'>expoliationem</span> <span class='ocrx_word' id='word_1_39' title='bbox 1012 445 1023 464; x_wconf 95' lang='lat'>,</span> <span class='ocrx_word' id='word_1_40' title='bbox 1054 414 1185 466; x_wconf 80' lang='lat' dir='ltr'>flagel-</span> 
     </span>
     <span class='ocr_line' id='line_1_8' title="bbox 78 469 1185 522; baseline -0.005 -11"><span class='ocrx_word' id='word_1_41' title='bbox 78 473 144 522; x_wconf 79' lang='lat' dir='ltr'>la,</span> <span class='ocrx_word' id='word_1_42' title='bbox 173 473 375 512; x_wconf 81' lang='lat' dir='ltr'>oculorum</span> <span class='ocrx_word' id='word_1_43' title='bbox 404 470 640 509; x_wconf 83' lang='lat' dir='ltr'>effossionem</span> <span class='ocrx_word' id='word_1_44' title='bbox 658 500 669 519; x_wconf 93' lang='lat'>,</span> <span class='ocrx_word' id='word_1_45' title='bbox 715 469 857 521; x_wconf 65' lang='lat' dir='ltr'>linguae</span> <span class='ocrx_word' id='word_1_46' title='bbox 887 469 1185 517; x_wconf 69' lang='lat' dir='ltr'>abscissionem,</span> 
     </span>
     <span class='ocr_line' id='line_1_9' title="bbox 78 522 1187 576; baseline -0.005 -11"><span class='ocrx_word' id='word_1_47' title='bbox 78 525 347 565; x_wconf 82' lang='lat' dir='ltr'>membrorum</span> <span class='ocrx_word' id='word_1_48' title='bbox 376 524 678 576; x_wconf 76' lang='lat' dir='ltr'><strong>amputationem</strong></span> <span class='ocrx_word' id='word_1_49' title='bbox 696 553 708 571; x_wconf 92' lang='lat'>,</span> <span class='ocrx_word' id='word_1_50' title='bbox 743 528 858 575; x_wconf 82' lang='lat' dir='ltr'>atque</span> <span class='ocrx_word' id='word_1_51' title='bbox 884 522 1069 560; x_wconf 82' lang='lat' dir='ltr'>ultimum</span> <span class='ocrx_word' id='word_1_52' title='bbox 1097 535 1187 574; x_wconf 85' lang='lat' dir='ltr'>sup-</span> 
     </span>
     <span class='ocr_line' id='line_1_10' title="bbox 78 575 1185 633; baseline -0.005 -15"><span class='ocrx_word' id='word_1_53' title='bbox 78 581 246 633; x_wconf 86' lang='lat' dir='ltr'>plicium</span> <span class='ocrx_word' id='word_1_54' title='bbox 276 580 354 631; x_wconf 84' lang='lat' dir='ltr'>pati</span> <span class='ocrx_word' id='word_1_55' title='bbox 382 577 626 615; x_wconf 85' lang='lat' dir='ltr'>debuerunt.</span> <span class='ocrx_word' id='word_1_56' title='bbox 671 575 812 614; x_wconf 82' lang='lat' dir='ltr'>Parum</span> <span class='ocrx_word' id='word_1_57' title='bbox 842 585 969 614; x_wconf 81' lang='lat' dir='ltr'>autem</span> <span class='ocrx_word' id='word_1_58' title='bbox 1007 577 1185 623; x_wconf 81' lang='lat' dir='ltr'>interest,</span> 
     </span>
     <span class='ocr_line' id='line_1_11' title="bbox 78 629 1186 684; baseline -0.005 -13"><span class='ocrx_word' id='word_1_59' title='bbox 78 634 112 671; x_wconf 80' lang='lat' dir='ltr'>&#39;si</span> <span class='ocrx_word' id='word_1_60' title='bbox 143 631 280 671; x_wconf 81' lang='lat' dir='ltr'>Marco</span> <span class='ocrx_word' id='word_1_61' title='bbox 307 630 503 684; x_wconf 85' lang='lat' dir='ltr'>Ephesi0‚</span> <span class='ocrx_word' id='word_1_62' title='bbox 546 630 627 682; x_wconf 82' lang='lat' dir='ltr'>jam</span> <span class='ocrx_word' id='word_1_63' title='bbox 656 631 764 668; x_wconf 89' lang='lat' dir='ltr'>toties</span> <span class='ocrx_word' id='word_1_64' title='bbox 792 630 921 667; x_wconf 84' lang='lat' dir='ltr'>audito</span> <span class='ocrx_word' id='word_1_65' title='bbox 939 659 950 678; x_wconf 83' lang='lat'>,</span> <span class='ocrx_word' id='word_1_66' title='bbox 993 629 1108 667; x_wconf 88' lang='lat' dir='ltr'>fuerit</span> <span class='ocrx_word' id='word_1_67' title='bbox 1137 629 1186 667; x_wconf 90' lang='lat' dir='ltr'>si-</span> 
     </span>
     <span class='ocr_line' id='line_1_12' title="bbox 78 683 1186 737; baseline -0.004 -15"><span class='ocrx_word' id='word_1_68' title='bbox 78 684 243 724; x_wconf 89' lang='lat' dir='ltr'>lentium</span> <span class='ocrx_word' id='word_1_69' title='bbox 272 687 495 737; x_wconf 88' lang='lat' dir='ltr'>impositum</span> <span class='ocrx_word' id='word_1_70' title='bbox 515 714 525 732; x_wconf 91' lang='lat'>,</span> <span class='ocrx_word' id='word_1_71' title='bbox 568 698 616 722; x_wconf 90' lang='lat' dir='ltr'>ne</span> <span class='ocrx_word' id='word_1_72' title='bbox 646 685 815 735; x_wconf 84' lang='lat' dir='ltr'>repetitae</span> <span class='ocrx_word' id='word_1_73' title='bbox 845 683 893 720; x_wconf 87' lang='lat' dir='ltr'>ad</span> <span class='ocrx_word' id='word_1_74' title='bbox 926 694 1111 720; x_wconf 84' lang='lat' dir='ltr'>nauseam</span> <span class='ocrx_word' id='word_1_75' title='bbox 1142 696 1186 718; x_wconf 83' lang='lat' dir='ltr'>u-</span> 
     </span>
     <span class='ocr_line' id='line_1_13' title="bbox 79 737 1187 791; baseline -0.005 -15"><span class='ocrx_word' id='word_1_76' title='bbox 79 752 174 791; x_wconf 79' lang='lat' dir='ltr'>sque</span> <span class='ocrx_word' id='word_1_77' title='bbox 203 738 374 790; x_wconf 85' lang='lat' dir='ltr'>ejusdem</span> <span class='ocrx_word' id='word_1_78' title='bbox 416 737 680 776; x_wconf 72' lang='lat' dir='ltr'>cavillationes</span> <span class='ocrx_word' id='word_1_79' title='bbox 723 745 863 776; x_wconf 83' lang='lat' dir='ltr'>sanctae</span> <span class='ocrx_word' id='word_1_80' title='bbox 894 737 1045 774; x_wconf 86' lang='lat' dir='ltr'>unionis</span> <span class='ocrx_word' id='word_1_81' title='bbox 1076 747 1187 787; x_wconf 82' lang='lat' dir='ltr'>nego-</span> 
     </span>
     <span class='ocr_line' id='line_1_14' title="bbox 74 789 929 839; baseline -0.002 -9"><span class='ocrx_word' id='word_1_82' title='bbox 74 792 175 831; x_wconf 75' lang='lat' dir='ltr'>tium</span> <span class='ocrx_word' id='word_1_83' title='bbox 204 793 246 831; x_wconf 89' lang='lat' dir='ltr'>in</span> <span class='ocrx_word' id='word_1_84' title='bbox 274 791 472 830; x_wconf 85' lang='lat' dir='ltr'>infinitum</span> <span class='ocrx_word' id='word_1_85' title='bbox 492 789 712 829; x_wconf 82' lang='lat' dir='ltr'>differrent.</span> <span class='ocrx_word' id='word_1_86' title='bbox 926 838 929 839; x_wconf 19' lang='lat'><em>⁷</em></span> 
     </span>
    </p>

    <p class='ocr_par' dir='ltr' id='par_1_4' title="bbox 76 841 1189 1643">
     <span class='ocr_line' id='line_1_15' title="bbox 136 841 1188 897; baseline -0.005 -13"><span class='ocrx_word' id='word_1_87' title='bbox 136 847 228 884; x_wconf 84' lang='lat'><strong>250.</strong></span> <span class='ocrx_word' id='word_1_88' title='bbox 257 845 373 894; x_wconf 79' lang='lat' dir='ltr'>Quod</span> <span class='ocrx_word' id='word_1_89' title='bbox 400 846 431 884; x_wconf 89' lang='lat' dir='ltr'>si</span> <span class='ocrx_word' id='word_1_90' title='bbox 460 844 581 897; x_wconf 79' lang='lat' dir='ltr'>aliqui</span> <span class='ocrx_word' id='word_1_91' title='bbox 623 843 684 882; x_wconf 78' lang='lat' dir='ltr'>vel</span> <span class='ocrx_word' id='word_1_92' title='bbox 713 841 841 881; x_wconf 83' lang='lat' dir='ltr'>dolose</span> <span class='ocrx_word' id='word_1_93' title='bbox 882 841 1188 893; x_wconf 86' lang='lat' dir='ltr'>subscripserunt</span> 
     </span>
     <span class='ocr_line' id='line_1_16' title="bbox 79 894 1186 948; baseline -0.006 -10"><span class='ocrx_word' id='word_1_94' title='bbox 79 898 143 938; x_wconf 76' lang='lat' dir='ltr'>vel</span> <span class='ocrx_word' id='word_1_95' title='bbox 188 900 416 938; x_wconf 83' lang='lat' dir='ltr'>inconstanti</span> <span class='ocrx_word' id='word_1_96' title='bbox 455 894 667 936; x_wconf 77' lang='lat' dir='ltr'>mobilitate</span> <span class='ocrx_word' id='word_1_97' title='bbox 696 911 718 934; x_wconf 86' lang='lat' dir='ltr'>a</span> <span class='ocrx_word' id='word_1_98' title='bbox 747 906 856 948; x_wconf 82' lang='lat' dir='ltr'>pacta</span> <span class='ocrx_word' id='word_1_99' title='bbox 896 896 1100 947; x_wconf 80' lang='lat' dir='ltr'>concordia</span> <span class='ocrx_word' id='word_1_100' title='bbox 1129 908 1186 931; x_wconf 90' lang='lat' dir='ltr'>re-</span> 
     </span>
     <span class='ocr_line' id='line_1_17' title="bbox 76 948 1186 1001; baseline -0.005 -11"><span class='ocrx_word' id='word_1_101' title='bbox 76 956 296 1001; x_wconf 68' lang='lat' dir='ltr'>cesserunt,</span> <span class='ocrx_word' id='word_1_102' title='bbox 339 948 377 990; x_wconf 86' lang='lat' dir='ltr'>id</span> <span class='ocrx_word' id='word_1_103' title='bbox 405 965 538 990; x_wconf 76' lang='lat' dir='ltr'>eorum</span> <span class='ocrx_word' id='word_1_104' title='bbox 567 949 778 997; x_wconf 88' lang='lat' dir='ltr'>honestati,</span> <span class='ocrx_word' id='word_1_105' title='bbox 820 963 864 987; x_wconf 84' lang='lat' dir='ltr'>ac</span> <span class='ocrx_word' id='word_1_106' title='bbox 895 950 1026 1000; x_wconf 84' lang='lat' dir='ltr'>pietati</span> <span class='ocrx_word' id='word_1_107' title='bbox 1056 961 1186 985; x_wconf 82' lang='lat' dir='ltr'>macu-</span> 
     </span>
     <span class='ocr_line' id='line_1_18' title="bbox 78 1002 1186 1052; baseline -0.005 -8"><span class='ocrx_word' id='word_1_108' title='bbox 78 1004 160 1044; x_wconf 86' lang='lat' dir='ltr'>lam</span> <span class='ocrx_word' id='word_1_109' title='bbox 190 1015 375 1044; x_wconf 86' lang='lat' dir='ltr'>aeternam</span> <span class='ocrx_word' id='word_1_110' title='bbox 398 1007 543 1052; x_wconf 88' lang='lat' dir='ltr'>inurit,</span> <span class='ocrx_word' id='word_1_111' title='bbox 573 1003 723 1041; x_wconf 86' lang='lat' dir='ltr'>nullum</span> <span class='ocrx_word' id='word_1_112' title='bbox 745 1011 871 1039; x_wconf 86' lang='lat' dir='ltr'>autem</span> <span class='ocrx_word' id='word_1_113' title='bbox 894 1002 1039 1039; x_wconf 79' lang='lat' dir='ltr'>veritati</span> <span class='ocrx_word' id='word_1_114' title='bbox 1070 1002 1186 1039; x_wconf 86' lang='lat' dir='ltr'>infert</span> 
     </span>
     <span class='ocr_line' id='line_1_19' title="bbox 81 1055 1186 1111; baseline -0.005 -15"><span class='ocrx_word' id='word_1_115' title='bbox 81 1059 389 1111; x_wconf 66' lang='lat' dir='ltr'>praejudicium.</span> <span class='ocrx_word' id='word_1_116' title='bbox 427 1059 475 1097; x_wconf 89' lang='lat' dir='ltr'>Et</span> <span class='ocrx_word' id='word_1_117' title='bbox 503 1058 627 1109; x_wconf 87' lang='lat' dir='ltr'>potius</span> <span class='ocrx_word' id='word_1_118' title='bbox 654 1055 922 1093; x_wconf 76' lang='lat' dir='ltr'>schismaticos</span> <span class='ocrx_word' id='word_1_119' title='bbox 951 1055 1093 1107; x_wconf 86' lang='lat' dir='ltr'>pudere</span> <span class='ocrx_word' id='word_1_120' title='bbox 1122 1055 1186 1091; x_wconf 89' lang='lat' dir='ltr'>de-</span> 
     </span>
     <span class='ocr_line' id='line_1_20' title="bbox 78 1108 1185 1163; baseline -0.006 -12"><span class='ocrx_word' id='word_1_121' title='bbox 78 1112 186 1151; x_wconf 77' lang='lat' dir='ltr'>beret</span> <span class='ocrx_word' id='word_1_122' title='bbox 203 1143 214 1161; x_wconf 90' lang='lat'>,</span> <span class='ocrx_word' id='word_1_123' title='bbox 243 1112 336 1151; x_wconf 88' lang='lat' dir='ltr'>tales</span> <span class='ocrx_word' id='word_1_124' title='bbox 364 1110 583 1163; x_wconf 68' lang='lat' dir='ltr'>hypocritas</span> <span class='ocrx_word' id='word_1_125' title='bbox 612 1120 682 1160; x_wconf 86' lang='lat' dir='ltr'>pro</span> <span class='ocrx_word' id='word_1_126' title='bbox 710 1110 785 1147; x_wconf 78' lang='lat' dir='ltr'>suis</span> <span class='ocrx_word' id='word_1_127' title='bbox 814 1108 979 1146; x_wconf 87' lang='lat' dir='ltr'>ducibus</span> <span class='ocrx_word' id='word_1_128' title='bbox 1008 1121 1185 1159; x_wconf 79' lang='lat' dir='ltr'>agnosce-</span> 
     </span>
     <span class='ocr_line' id='line_1_21' title="bbox 79 1160 1186 1215; baseline -0.004 -13"><span class='ocrx_word' id='word_1_129' title='bbox 79 1178 120 1203; x_wconf 89' lang='lat' dir='ltr'>re</span> <span class='ocrx_word' id='word_1_130' title='bbox 142 1197 152 1215; x_wconf 86' lang='lat'>,</span> <span class='ocrx_word' id='word_1_131' title='bbox 184 1165 218 1202; x_wconf 69' lang='lat'>8&lt;</span> <span class='ocrx_word' id='word_1_132' title='bbox 246 1166 447 1204; x_wconf 83' lang='lat' dir='ltr'>venerari.</span> <span class='ocrx_word' id='word_1_133' title='bbox 485 1161 589 1199; x_wconf 90' lang='lat' dir='ltr'>Vera</span> <span class='ocrx_word' id='word_1_134' title='bbox 618 1163 721 1199; x_wconf 88' lang='lat' dir='ltr'>enim</span> <span class='ocrx_word' id='word_1_135' title='bbox 751 1161 952 1209; x_wconf 74' lang='lat' dir='ltr'>Ecclesia,</span> <span class='ocrx_word' id='word_1_136' title='bbox 983 1170 1110 1213; x_wconf 82' lang='lat' dir='ltr'>utpote</span> <span class='ocrx_word' id='word_1_137' title='bbox 1132 1160 1186 1200; x_wconf 65' lang='lat' dir='ltr'>&gt;il-</span> 
     </span>
     <span class='ocr_line' id='line_1_22' title="bbox 80 1216 1188 1271; baseline -0.005 -15"><span class='ocrx_word' id='word_1_138' title='bbox 80 1217 119 1256; x_wconf 88' lang='lat' dir='ltr'>la</span> <span class='ocrx_word' id='word_1_139' title='bbox 136 1249 147 1267; x_wconf 94' lang='lat'>,</span> <span class='ocrx_word' id='word_1_140' title='bbox 176 1219 224 1256; x_wconf 85' lang='lat' dir='ltr'>ad</span> <span class='ocrx_word' id='word_1_141' title='bbox 253 1232 371 1271; x_wconf 81' lang='lat' dir='ltr'>quam</span> <span class='ocrx_word' id='word_1_142' title='bbox 393 1217 537 1255; x_wconf 83' lang='lat' dir='ltr'>divinae</span> <span class='ocrx_word' id='word_1_143' title='bbox 559 1216 827 1266; x_wconf 81' lang='lat' dir='ltr'>promissiones</span> <span class='ocrx_word' id='word_1_144' title='bbox 848 1216 1060 1267; x_wconf 88' lang='lat' dir='ltr'>pertinent,</span> <span class='ocrx_word' id='word_1_145' title='bbox 1089 1228 1188 1252; x_wconf 85' lang='lat' dir='ltr'>sem-</span> 
     </span>
     <span class='ocr_line' id='line_1_23' title="bbox 80 1267 1187 1324; baseline -0.002 -16"><span class='ocrx_word' id='word_1_146' title='bbox 80 1282 149 1324; x_wconf 87' lang='lat' dir='ltr'>per</span> <span class='ocrx_word' id='word_1_147' title='bbox 179 1271 252 1310; x_wconf 84' lang='lat' dir='ltr'>sibi</span> <span class='ocrx_word' id='word_1_148' title='bbox 272 1279 457 1309; x_wconf 86' lang='lat' dir='ltr'>·constans</span> <span class='ocrx_word' id='word_1_149' title='bbox 478 1299 488 1317; x_wconf 94' lang='lat'>,</span> <span class='ocrx_word' id='word_1_150' title='bbox 519 1277 651 1320; x_wconf 73' lang='lat' dir='ltr'>‘neque</span> <span class='ocrx_word' id='word_1_151' title='bbox 680 1269 719 1305; x_wconf 87' lang='lat' dir='ltr'>in</span> <span class='ocrx_word' id='word_1_152' title='bbox 750 1267 849 1316; x_wconf 91' lang='lat' dir='ltr'>hoc,</span> <span class='ocrx_word' id='word_1_153' title='bbox 878 1282 1002 1321; x_wconf 85' lang='lat' dir='ltr'>neque</span> <span class='ocrx_word' id='word_1_154' title='bbox 1032 1269 1070 1306; x_wconf 87' lang='lat' dir='ltr'>in</span> <span class='ocrx_word' id='word_1_155' title='bbox 1100 1268 1187 1306; x_wconf 84' lang='lat' dir='ltr'>aliis</span> 
     </span>
     <span class='ocr_line' id='line_1_24' title="bbox 78 1322 1186 1376; baseline -0.002 -14"><span class='ocrx_word' id='word_1_156' title='bbox 78 1324 322 1376; x_wconf 76' lang='lat' dir='ltr'>dogmatibus</span> <span class='ocrx_word' id='word_1_157' title='bbox 351 1322 500 1376; x_wconf 85' lang='lat' dir='ltr'>aliquid</span> <span class='ocrx_word' id='word_1_158' title='bbox 531 1322 758 1370; x_wconf 85' lang='lat' dir='ltr'>immutari,</span> <span class='ocrx_word' id='word_1_159' title='bbox 788 1335 958 1374; x_wconf 84' lang='lat' dir='ltr'>unquam</span> <span class='ocrx_word' id='word_1_160' title='bbox 981 1335 1089 1374; x_wconf 83' lang='lat' dir='ltr'>passa</span> <span class='ocrx_word' id='word_1_161' title='bbox 1109 1330 1186 1367; x_wconf 81' lang='lat' dir='ltr'>est3</span> 
     </span>
     <span class='ocr_line' id='line_1_25' title="bbox 80 1374 1187 1430; baseline -0.001 -16"><span class='ocrx_word' id='word_1_162' title='bbox 80 1376 114 1414; x_wconf 82' lang='lat'>&amp;</span> <span class='ocrx_word' id='word_1_163' title='bbox 143 1376 304 1430; x_wconf 85' lang='lat' dir='ltr'>quodvis</span> <span class='ocrx_word' id='word_1_164' title='bbox 328 1374 543 1426; x_wconf 69' lang='lat' dir='ltr'>&#39;temporale</span> <span class='ocrx_word' id='word_1_165' title='bbox 566 1375 720 1414; x_wconf 71' lang='lat' dir='ltr'>&#39;malum</span> <span class='ocrx_word' id='word_1_166' title='bbox 750 1376 874 1427; x_wconf 85' lang='lat' dir='ltr'>potius</span> <span class='ocrx_word' id='word_1_167' title='bbox 902 1374 1022 1413; x_wconf 80' lang='lat' dir='ltr'>voluit</span> <span class='ocrx_word' id='word_1_168' title='bbox 1050 1374 1187 1413; x_wconf 84' lang='lat' dir='ltr'>tolera-</span> 
     </span>
     <span class='ocr_line' id='line_1_26' title="bbox 79 1428 1188 1483; baseline -0.002 -15"><span class='ocrx_word' id='word_1_169' title='bbox 79 1441 149 1478; x_wconf 84' lang='lat' dir='ltr'>re,</span> <span class='ocrx_word' id='word_1_170' title='bbox 179 1443 297 1483; x_wconf 89' lang='lat' dir='ltr'>quam</span> <span class='ocrx_word' id='word_1_171' title='bbox 328 1431 369 1469; x_wconf 89' lang='lat' dir='ltr'>in</span> <span class='ocrx_word' id='word_1_172' title='bbox 398 1429 475 1468; x_wconf 83' lang='lat' dir='ltr'>fide</span> <span class='ocrx_word' id='word_1_173' title='bbox 504 1429 680 1468; x_wconf 82' lang='lat' dir='ltr'>variare.</span> <span class='ocrx_word' id='word_1_174' title='bbox 711 1428 768 1466; x_wconf 83' lang='lat' dir='ltr'>Ad</span> <span class='ocrx_word' id='word_1_175' title='bbox 789 1429 828 1467; x_wconf 87' lang='lat' dir='ltr'>id</span> <span class='ocrx_word' id='word_1_176' title='bbox 856 1429 1188 1480; x_wconf 81' lang='lat' dir='ltr'>comprobandum</span> 
     </span>
     <span class='ocr_line' id='line_1_27' title="bbox 77 1482 1188 1535; baseline -0.003 -12"><span class='ocrx_word' id='word_1_177' title='bbox 77 1482 144 1523; x_wconf 73' lang='lat' dir='ltr'>Vel</span> <span class='ocrx_word' id='word_1_178' title='bbox 174 1498 218 1522; x_wconf 85' lang='lat' dir='ltr'>ea</span> <span class='ocrx_word' id='word_1_179' title='bbox 245 1482 325 1522; x_wconf 87' lang='lat' dir='ltr'>sola</span> <span class='ocrx_word' id='word_1_180' title='bbox 354 1483 527 1522; x_wconf 83' lang='lat' dir='ltr'>sufficere</span> <span class='ocrx_word' id='word_1_181' title='bbox 555 1490 709 1535; x_wconf 76' lang='lat' dir='ltr'>possunt</span> <span class='ocrx_word' id='word_1_182' title='bbox 731 1513 742 1530; x_wconf 92' lang='lat'>,</span> <span class='ocrx_word' id='word_1_183' title='bbox 771 1496 860 1535; x_wconf 79' lang='lat' dir='ltr'>quae</span> <span class='ocrx_word' id='word_1_184' title='bbox 885 1482 1121 1534; x_wconf 79' lang='lat' dir='ltr'>temporibus</span> <span class='ocrx_word' id='word_1_185' title='bbox 1140 1483 1188 1520; x_wconf 81' lang='lat' dir='ltr'>A·</span> 
     </span>
     <span class='ocr_line' id='line_1_28' title="bbox 84 1535 1189 1590; baseline -0.002 -15"><span class='ocrx_word' id='word_1_186' title='bbox 84 1539 282 1575; x_wconf 75' lang='lat' dir='ltr'>rianorum</span> <span class='ocrx_word' id='word_1_187' title='bbox 325 1549 394 1590; x_wconf 87' lang='lat' dir='ltr'>pro</span> <span class='ocrx_word' id='word_1_188' title='bbox 439 1537 601 1589; x_wconf 87' lang='lat' dir='ltr'>puritate</span> <span class='ocrx_word' id='word_1_189' title='bbox 630 1536 742 1574; x_wconf 79' lang='lat' dir='ltr'>Fidei</span> <span class='ocrx_word' id='word_1_190' title='bbox 789 1536 972 1574; x_wconf 88' lang='lat' dir='ltr'>servanda</span> <span class='ocrx_word' id='word_1_191' title='bbox 1000 1535 1189 1573; x_wconf 81' lang='lat' dir='ltr'>Catholici</span> 
     </span>
     <span class='ocr_line' id='line_1_29' title="bbox 80 1588 1189 1643; baseline -0.002 -14"><span class='ocrx_word' id='word_1_192' title='bbox 80 1592 183 1643; x_wconf 80' lang='lat' dir='ltr'>passi</span> <span class='ocrx_word' id='word_1_193' title='bbox 213 1599 325 1638; x_wconf 87' lang='lat' dir='ltr'>sunt,</span> <span class='ocrx_word' id='word_1_194' title='bbox 355 1592 452 1643; x_wconf 85' lang='lat' dir='ltr'>quin</span> <span class='ocrx_word' id='word_1_195' title='bbox 482 1603 654 1642; x_wconf 86' lang='lat' dir='ltr'>unquam</span> <span class='ocrx_word' id='word_1_196' title='bbox 683 1599 825 1628; x_wconf 84' lang='lat' dir='ltr'>arecta</span> <span class='ocrx_word' id='word_1_197' title='bbox 853 1589 929 1627; x_wconf 84' lang='lat' dir='ltr'>fide</span> <span class='ocrx_word' id='word_1_198' title='bbox 957 1588 1189 1627; x_wconf 83' lang='lat' dir='ltr'>deficerent.</span> 
     </span>
    </p>

    <p class='ocr_par' dir='ltr' id='par_1_5' title="bbox 71 1642 1194 2692">
     <span class='ocr_line' id='line_1_30' title="bbox 139 1642 1191 1695; baseline -0.003 -12"><span class='ocrx_word' id='word_1_199' title='bbox 139 1646 229 1683; x_wconf 84' lang='lat'>251.</span> <span class='ocrx_word' id='word_1_200' title='bbox 260 1643 395 1682; x_wconf 76' lang='lat' dir='ltr'>Putida</span> <span class='ocrx_word' id='word_1_201' title='bbox 423 1644 516 1682; x_wconf 86' lang='lat' dir='ltr'>item</span> <span class='ocrx_word' id='word_1_202' title='bbox 557 1642 755 1681; x_wconf 84' lang='lat' dir='ltr'>calumnia</span> <span class='ocrx_word' id='word_1_203' title='bbox 783 1652 863 1691; x_wconf 81' lang='lat' dir='ltr'>est,</span> <span class='ocrx_word' id='word_1_204' title='bbox 904 1657 982 1695; x_wconf 86' lang='lat' dir='ltr'>qua</span> <span class='ocrx_word' id='word_1_205' title='bbox 1009 1643 1102 1679; x_wconf 86' lang='lat' dir='ltr'>duos</span> <span class='ocrx_word' id='word_1_206' title='bbox 1133 1643 1191 1681; x_wconf 81' lang='lat' dir='ltr'>in-</span> 
     </span>
     <span class='ocr_line' id='line_1_31' title="bbox 74 1695 1192 1749; baseline -0.003 -13"><span class='ocrx_word' id='word_1_207' title='bbox 74 1699 206 1749; x_wconf 64' lang='lat' dir='ltr'>signes</span> <span class='ocrx_word' id='word_1_208' title='bbox 235 1697 429 1746; x_wconf 83' lang='lat' dir='ltr'>doctrina,</span> <span class='ocrx_word' id='word_1_209' title='bbox 459 1697 493 1734; x_wconf 69' lang='lat'>8&lt;</span> <span class='ocrx_word' id='word_1_210' title='bbox 516 1697 660 1749; x_wconf 80' lang='lat' dir='ltr'>&#39;pietate</span> <span class='ocrx_word' id='word_1_211' title='bbox 683 1697 791 1735; x_wconf 76' lang='lat' dir='ltr'>‘viros</span> <span class='ocrx_word' id='word_1_212' title='bbox 807 1727 818 1743; x_wconf 89' lang='lat'>,</span> <span class='ocrx_word' id='word_1_213' title='bbox 849 1697 1107 1734; x_wconf 75' lang='lat' dir='ltr'>Bessarionem</span> <span class='ocrx_word' id='word_1_214' title='bbox 1124 1695 1192 1733; x_wconf 71' lang='lat' dir='ltr'>Ni-</span> 
     </span>
     <span class='ocr_line' id='line_1_32' title="bbox 83 1744 1189 1803; baseline -0.003 -15"><span class='ocrx_word' id='word_1_215' title='bbox 83 1762 236 1789; x_wconf 81' lang='lat' dir='ltr'>caenum</span> <span class='ocrx_word' id='word_1_216' title='bbox 268 1746 580 1803; x_wconf 71' lang='lat' dir='ltr'>Metropolitam,</span> <span class='ocrx_word' id='word_1_217' title='bbox 610 1759 722 1802; x_wconf 81' lang='lat' dir='ltr'>atque</span> <span class='ocrx_word' id='word_1_218' title='bbox 742 1750 928 1788; x_wconf 77' lang='lat' dir='ltr'>Isidorum</span> <span class='ocrx_word' id='word_1_219' title='bbox 944 1744 1163 1788; x_wconf 71' lang='lat' dir='ltr'>Ruthenum</span> <span class='ocrx_word' id='word_1_220' title='bbox 1179 1778 1189 1797; x_wconf 87' lang='lat'>‚</span> 
     </span>
     <span class='ocr_line' id='line_1_33' title="bbox 85 1802 1192 1856; baseline -0.002 -15"><span class='ocrx_word' id='word_1_221' title='bbox 85 1804 259 1856; x_wconf 85' lang='lat' dir='ltr'>aliosque</span> <span class='ocrx_word' id='word_1_222' title='bbox 290 1805 481 1842; x_wconf 81' lang='lat' dir='ltr'>infamare</span> <span class='ocrx_word' id='word_1_223' title='bbox 509 1804 674 1851; x_wconf 83' lang='lat' dir='ltr'>audent,</span> <span class='ocrx_word' id='word_1_224' title='bbox 703 1802 973 1855; x_wconf 64' lang='lat' dir='ltr'>quasi‘scilicet</span> <span class='ocrx_word' id='word_1_225' title='bbox 1002 1803 1128 1840; x_wconf 82' lang='lat' dir='ltr'>datam</span> <span class='ocrx_word' id='word_1_226' title='bbox 1151 1803 1192 1839; x_wconf 90' lang='lat' dir='ltr'>in</span> 
     </span>
     <span class='ocr_line' id='line_1_34' title="bbox 80 1855 1191 1908; baseline -0.002 -14"><span class='ocrx_word' id='word_1_227' title='bbox 80 1857 236 1908; x_wconf 88' lang='lat' dir='ltr'>Synodo</span> <span class='ocrx_word' id='word_1_228' title='bbox 265 1857 488 1896; x_wconf 82' lang='lat' dir='ltr'>Florentina</span> <span class='ocrx_word' id='word_1_229' title='bbox 519 1857 637 1895; x_wconf 87' lang='lat' dir='ltr'>fidem</span> <span class='ocrx_word' id='word_1_230' title='bbox 656 1886 667 1904; x_wconf 97' lang='lat'>,</span> <span class='ocrx_word' id='word_1_231' title='bbox 710 1869 783 1894; x_wconf 88' lang='lat' dir='ltr'>non</span> <span class='ocrx_word' id='word_1_232' title='bbox 813 1855 1008 1908; x_wconf 83' lang='lat' dir='ltr'>religionis</span> <span class='ocrx_word' id='word_1_233' title='bbox 1050 1869 1191 1902; x_wconf 87' lang='lat' dir='ltr'>causa,</span> 
     </span>
     <span class='ocr_line' id='line_1_35' title="bbox 71 1908 1193 1955; baseline -0.004 -8"><span class='ocrx_word' id='word_1_234' title='bbox 71 1908 147 1948; x_wconf 76' lang='lat' dir='ltr'>:sed</span> <span class='ocrx_word' id='word_1_235' title='bbox 177 1910 398 1949; x_wconf 81' lang='lat' dir='ltr'>ambitionis</span> <span class='ocrx_word' id='word_1_236' title='bbox 441 1910 578 1949; x_wconf 80' lang='lat' dir='ltr'>affectu</span> <span class='ocrx_word' id='word_1_237' title='bbox 620 1910 879 1949; x_wconf 80' lang='lat' dir='ltr'>servaverint.</span> <span class='ocrx_word' id='word_1_238' title='bbox 921 1909 1074 1955; x_wconf 85' lang='lat' dir='ltr'>Quanta</span> <span class='ocrx_word' id='word_1_239' title='bbox 1103 1920 1193 1945; x_wconf 83' lang='lat' dir='ltr'>vero</span> 
     </span>
     <span class='ocr_line' id='line_1_36' title="bbox 83 1960 1192 2015; baseline -0.004 -15"><span class='ocrx_word' id='word_1_240' title='bbox 83 1963 199 2001; x_wconf 80' lang='lat' dir='ltr'>fuerit</span> <span class='ocrx_word' id='word_1_241' title='bbox 228 1963 402 2002; x_wconf 88' lang='lat' dir='ltr'>doctrina</span> <span class='ocrx_word' id='word_1_242' title='bbox 419 1994 430 2011; x_wconf 95' lang='lat'>,</span> <span class='ocrx_word' id='word_1_243' title='bbox 462 1961 496 2000; x_wconf 71' lang='grc'>8(</span> <span class='ocrx_word' id='word_1_244' title='bbox 526 1965 644 2015; x_wconf 85' lang='lat' dir='ltr'>pietas</span> <span class='ocrx_word' id='word_1_245' title='bbox 673 1963 904 2003; x_wconf 83' lang='lat' dir='ltr'>Bessarionis</span> <span class='ocrx_word' id='word_1_246' title='bbox 931 1961 979 1998; x_wconf 81' lang='lat' dir='ltr'>ad</span> <span class='ocrx_word' id='word_1_247' title='bbox 1007 1960 1192 1997; x_wconf 78' lang='lat' dir='ltr'>cardina-</span> 
     </span>
     <span class='ocr_line' id='line_1_37' title="bbox 82 2013 1193 2069; baseline -0.004 -16"><span class='ocrx_word' id='word_1_248' title='bbox 82 2015 207 2055; x_wconf 86' lang='lat' dir='ltr'>litiam</span> <span class='ocrx_word' id='word_1_249' title='bbox 238 2031 454 2069; x_wconf 82' lang='lat' dir='ltr'>purpuram</span> <span class='ocrx_word' id='word_1_250' title='bbox 491 2019 629 2054; x_wconf 89' lang='lat' dir='ltr'>merito</span> <span class='ocrx_word' id='word_1_251' title='bbox 670 2016 817 2063; x_wconf 80' lang='lat' dir='ltr'>evecti,</span> <span class='ocrx_word' id='word_1_252' title='bbox 859 2024 1001 2067; x_wconf 86' lang='lat' dir='ltr'>praeter</span> <span class='ocrx_word' id='word_1_253' title='bbox 1044 2013 1193 2060; x_wconf 68' lang='lat' dir='ltr'>libros,</span> 
     </span>
     <span class='ocr_line' id='line_1_38' title="bbox 83 2066 1194 2122; baseline -0.005 -15"><span class='ocrx_word' id='word_1_254' title='bbox 83 2070 227 2122; x_wconf 84' lang='lat' dir='ltr'>quibus</span> <span class='ocrx_word' id='word_1_255' title='bbox 255 2071 303 2108; x_wconf 84' lang='lat' dir='ltr'>de</span> <span class='ocrx_word' id='word_1_256' title='bbox 333 2070 513 2121; x_wconf 81' lang='lat' dir='ltr'>religione</span> <span class='ocrx_word' id='word_1_257' title='bbox 541 2071 686 2122; x_wconf 79' lang='lat' dir='ltr'>optime</span> <span class='ocrx_word' id='word_1_258' title='bbox 714 2069 872 2107; x_wconf 82' lang='lat' dir='ltr'>&#39;meritus</span> <span class='ocrx_word' id='word_1_259' title='bbox 901 2068 973 2105; x_wconf 48' lang='lat' dir='ltr'>*fuit</span> <span class='ocrx_word' id='word_1_260' title='bbox 1002 2066 1087 2115; x_wconf 90' lang='lat' dir='ltr'>(de</span> <span class='ocrx_word' id='word_1_261' title='bbox 1107 2067 1194 2117; x_wconf 83' lang='lat' dir='ltr'>qui-</span> 
     </span>
     <span class='ocr_line' id='line_1_39' title="bbox 86 2117 1193 2173; baseline -0.007 -12"><span class='ocrx_word' id='word_1_262' title='bbox 86 2122 159 2161; x_wconf 90' lang='lat' dir='ltr'>bus</span> <span class='ocrx_word' id='word_1_263' title='bbox 186 2125 263 2173; x_wconf 80' lang='lat' dir='ltr'>agit</span> <span class='ocrx_word' id='word_1_264' title='bbox 291 2124 370 2161; x_wconf 90' lang='lat' dir='ltr'>Leo</span> <span class='ocrx_word' id='word_1_265' title='bbox 399 2122 563 2160; x_wconf 83' lang='lat' dir='ltr'>Allatius</span> <span class='ocrx_word' id='word_1_266' title='bbox 593 2122 642 2159; x_wconf 82' lang='lat' dir='ltr'>de</span> <span class='ocrx_word' id='word_1_267' title='bbox 670 2126 870 2170; x_wconf 79' lang='lat' dir='ltr'>utriusque</span> <span class='ocrx_word' id='word_1_268' title='bbox 899 2119 1096 2156; x_wconf 66' lang='lat' dir='ltr'>Ecclesiae</span> <span class='ocrx_word' id='word_1_269' title='bbox 1115 2117 1193 2154; x_wconf 88' lang='lat' dir='ltr'>Oc-</span> 
     </span>
     <span class='ocr_line' id='line_1_40' title="bbox 85 2172 1194 2222; baseline -0.005 -10"><span class='ocrx_word' id='word_1_270' title='bbox 85 2172 295 2212; x_wconf 71' lang='lat' dir='ltr'>cidentalis</span> <span class='ocrx_word' id='word_1_271' title='bbox 312 2203 323 2222; x_wconf 90' lang='lat'>,</span> <span class='ocrx_word' id='word_1_272' title='bbox 352 2183 472 2222; x_wconf 80' lang='lat' dir='ltr'>atque</span> <span class='ocrx_word' id='word_1_273' title='bbox 490 2174 708 2210; x_wconf 74' lang='lat' dir='ltr'>Orientalis</span> <span class='ocrx_word' id='word_1_274' title='bbox 723 2180 913 2222; x_wconf 73' lang='lat' dir='ltr'>perpetuu,</span> <span class='ocrx_word' id='word_1_275' title='bbox 933 2174 1194 2208; x_wconf 76' lang='lat' dir='ltr'>consensione</span> 
     </span>
     <span class='ocr_line' id='line_1_41' title="bbox 84 2224 1193 2278; baseline -0.005 -12"><span class='ocrx_word' id='word_1_276' title='bbox 84 2227 176 2267; x_wconf 87' lang='lat' dir='ltr'>Lib.</span> <span class='ocrx_word' id='word_1_277' title='bbox 194 2228 261 2265; x_wconf 85' lang='grc' dir='ltr'><strong>ΙΙΙ.</strong></span> <span class='ocrx_word' id='word_1_278' title='bbox 283 2241 369 2278; x_wconf 87' lang='lat' dir='ltr'>cap.</span> <span class='ocrx_word' id='word_1_279' title='bbox 392 2227 429 2264; x_wconf 81' lang='lat'>5.</span> <span class='ocrx_word' id='word_1_280' title='bbox 454 2225 493 2273; x_wconf 85' lang='lat'>),</span> <span class='ocrx_word' id='word_1_281' title='bbox 524 2225 674 2262; x_wconf 85' lang='lat' dir='ltr'>abunde</span> <span class='ocrx_word' id='word_1_282' title='bbox 703 2233 800 2277; x_wconf 86' lang='lat' dir='ltr'>patet</span> <span class='ocrx_word' id='word_1_283' title='bbox 825 2236 875 2264; x_wconf 67' lang='lat' dir='ltr'>‘ex</span> <span class='ocrx_word' id='word_1_284' title='bbox 905 2224 987 2276; x_wconf 76' lang='lat' dir='ltr'>ejus</span> <span class='ocrx_word' id='word_1_285' title='bbox 1016 2225 1118 2272; x_wconf 85' lang='lat' dir='ltr'>vita,</span> <span class='ocrx_word' id='word_1_286' title='bbox 1149 2237 1193 2261; x_wconf 88' lang='lat' dir='ltr'>ac</span> 
     </span>
     <span class='ocr_line' id='line_1_42' title="bbox 74 2277 1193 2332; baseline -0.004 -13"><span class='ocrx_word' id='word_1_287' title='bbox 74 2281 215 2320; x_wconf 45' lang='lat' dir='ltr'>*multis</span> <span class='ocrx_word' id='word_1_288' title='bbox 246 2277 534 2332; x_wconf 81' lang='lat' dir='ltr'>perhonorificis</span> <span class='ocrx_word' id='word_1_289' title='bbox 550 2279 817 2330; x_wconf 86' lang='lat' dir='ltr'>Legationibus</span> <span class='ocrx_word' id='word_1_290' title='bbox 845 2279 997 2315; x_wconf 85' lang='lat' dir='ltr'>nomine</span> <span class='ocrx_word' id='word_1_291' title='bbox 1018 2278 1126 2315; x_wconf 88' lang='lat' dir='ltr'>Sedis</span> <span class='ocrx_word' id='word_1_292' title='bbox 1142 2277 1193 2315; x_wconf 85' lang='grc' dir='ltr'>Α-</span> 
     </span>
     <span class='ocr_line' id='line_1_43' title="bbox 82 2331 1192 2387; baseline -0.004 -15"><span class='ocrx_word' id='word_1_293' title='bbox 82 2335 278 2387; x_wconf 81' lang='lat' dir='ltr'>postolicae</span> <span class='ocrx_word' id='word_1_294' title='bbox 316 2333 478 2371; x_wconf 79' lang='lat' dir='ltr'>feliciter</span> <span class='ocrx_word' id='word_1_295' title='bbox 506 2334 619 2384; x_wconf 84' lang='lat' dir='ltr'>gestis</span> <span class='ocrx_word' id='word_1_296' title='bbox 639 2358 650 2370; x_wconf 85' lang='lat'><strong>.</strong></span> <span class='ocrx_word' id='word_1_297' title='bbox 692 2332 798 2370; x_wconf 85' lang='lat' dir='ltr'>Idem</span> <span class='ocrx_word' id='word_1_298' title='bbox 827 2332 902 2370; x_wconf 89' lang='lat' dir='ltr'>dici</span> <span class='ocrx_word' id='word_1_299' title='bbox 942 2331 1053 2369; x_wconf 83' lang='lat' dir='ltr'>debet</span> <span class='ocrx_word' id='word_1_300' title='bbox 1082 2331 1128 2368; x_wconf 88' lang='lat' dir='ltr'>de</span> <span class='ocrx_word' id='word_1_301' title='bbox 1157 2331 1192 2368; x_wconf 92' lang='lat' dir='ltr'>I-</span> 
     </span>
     <span class='ocr_line' id='line_1_44' title="bbox 76 2383 1190 2437; baseline -0.004 -12"><span class='ocrx_word' id='word_1_302' title='bbox 76 2389 210 2427; x_wconf 65' lang='lat' dir='ltr'>,sidoro</span> <span class='ocrx_word' id='word_1_303' title='bbox 231 2386 560 2425; x_wconf 81' lang='lat' dir='ltr'>Thessaloniceusi</span> <span class='ocrx_word' id='word_1_304' title='bbox 585 2384 846 2423; x_wconf 75' lang='lat' dir='ltr'>Rutlienorm‘n</span> <span class='ocrx_word' id='word_1_305' title='bbox 868 2383 1190 2437; x_wconf 81' lang='lat' dir='ltr'>Archiepiscopo‚</span> 
     </span>
     <span class='ocr_line' id='line_1_45' title="bbox 84 2438 1191 2490; baseline -0.005 -10"><span class='ocrx_word' id='word_1_306' title='bbox 84 2442 127 2480; x_wconf 83' lang='lat' dir='ltr'>in</span> <span class='ocrx_word' id='word_1_307' title='bbox 161 2455 311 2480; x_wconf 84' lang='lat' dir='ltr'>sacrum</span> <span class='ocrx_word' id='word_1_308' title='bbox 330 2439 598 2478; x_wconf 86' lang='lat' dir='ltr'>Cardinalium</span> <span class='ocrx_word' id='word_1_309' title='bbox 626 2438 840 2490; x_wconf 86' lang='lat' dir='ltr'>Collegium</span> <span class='ocrx_word' id='word_1_310' title='bbox 872 2440 1012 2490; x_wconf 85' lang='lat' dir='ltr'>pariter</span> <span class='ocrx_word' id='word_1_311' title='bbox 1040 2447 1191 2489; x_wconf 84' lang='lat' dir='ltr'>coopta-</span> 
     </span>
     <span class='ocr_line' id='line_1_46' title="bbox 85 2491 1192 2545; baseline -0.005 -13"><span class='ocrx_word' id='word_1_312' title='bbox 85 2501 154 2540; x_wconf 69' lang='lat'>²03</span> <span class='ocrx_word' id='word_1_313' title='bbox 203 2502 288 2532; x_wconf 84' lang='lat' dir='ltr'>tum</span> <span class='ocrx_word' id='word_1_314' title='bbox 320 2494 371 2532; x_wconf 62' lang='lat' dir='ltr'>&gt;de</span> <span class='ocrx_word' id='word_1_315' title='bbox 409 2492 571 2545; x_wconf 33' lang='lat' dir='ltr'>Jovsepho</span> <span class='ocrx_word' id='word_1_316' title='bbox 611 2491 877 2540; x_wconf 64' lang='lat' dir='ltr'>Mettio-nemsi,</span> <span class='ocrx_word' id='word_1_317' title='bbox 919 2492 966 2529; x_wconf 87' lang='lat' dir='ltr'>de</span> <span class='ocrx_word' id='word_1_318' title='bbox 1007 2492 1192 2541; x_wconf 72' lang='lat' dir='ltr'>Gregorio</span> 
     </span>
     <span class='ocr_line' id='line_1_47' title="bbox 84 2543 1190 2597; baseline -0.004 -12"><span class='ocrx_word' id='word_1_319' title='bbox 84 2546 288 2585; x_wconf 85' lang='lat' dir='ltr'>Scholario</span> <span class='ocrx_word' id='word_1_320' title='bbox 315 2577 327 2596; x_wconf 91' lang='lat'>,</span> <span class='ocrx_word' id='word_1_321' title='bbox 394 2561 458 2584; x_wconf 88' lang='lat' dir='ltr'>seu</span> <span class='ocrx_word' id='word_1_322' title='bbox 488 2546 716 2594; x_wconf 70' lang='lat' dir='ltr'>Gennadio,</span> <span class='ocrx_word' id='word_1_323' title='bbox 757 2546 810 2583; x_wconf 51' lang='lat' dir='ltr'>*de</span> <span class='ocrx_word' id='word_1_324' title='bbox 837 2546 1023 2597; x_wconf 82' lang='lat' dir='ltr'>Gregorio</span> <span class='ocrx_word' id='word_1_325' title='bbox 1065 2543 1190 2582; x_wconf 85' lang='lat' dir='ltr'>Proto-</span> 
     </span>
     <span class='ocr_line' id='line_1_48' title="bbox 85 2594 1191 2653; baseline -0.004 -14"><span class='ocrx_word' id='word_1_326' title='bbox 85 2600 270 2653; x_wconf 83' lang='lat' dir='ltr'>Syncello</span> <span class='ocrx_word' id='word_1_327' title='bbox 291 2631 303 2648; x_wconf 87' lang='lat'>,</span> <span class='ocrx_word' id='word_1_328' title='bbox 332 2599 520 2653; x_wconf 86' lang='lat' dir='ltr'>aliisque,</span> <span class='ocrx_word' id='word_1_329' title='bbox 550 2601 739 2652; x_wconf 78' lang='lat' dir='ltr'>quiinitae</span> <span class='ocrx_word' id='word_1_330' title='bbox 768 2601 984 2637; x_wconf 55' lang='lat' dir='ltr'>concordia}</span> <span class='ocrx_word' id='word_1_331' title='bbox 1001 2594 1191 2647; x_wconf 70' lang='lat' dir='ltr'>fideliter,</span> 
     </span>
     <span class='ocr_line' id='line_1_49' title="bbox 85 2654 666 2692; baseline -0.002 0"><span class='ocrx_word' id='word_1_332' title='bbox 85 2666 130 2692; x_wconf 80' lang='lat' dir='ltr'>&#39;ac</span> <span class='ocrx_word' id='word_1_333' title='bbox 154 2663 370 2692; x_wconf 62' lang='lat' dir='ltr'>&gt;constanter</span> <span class='ocrx_word' id='word_1_334' title='bbox 399 2654 639 2692; x_wconf 80' lang='lat' dir='ltr'>adhaeserunt</span> <span class='ocrx_word' id='word_1_335' title='bbox 656 2679 666 2691; x_wconf 85' lang='lat'><strong>.</strong></span> 
     </span>
    </p>

    <p class='ocr_par' dir='ltr' id='par_1_6' title="bbox 83 2704 1194 2865">
     <span class='ocr_line' id='line_1_50' title="bbox 142 2704 1193 2758; baseline -0.002 -13"><span class='ocrx_word' id='word_1_336' title='bbox 142 2705 234 2746; x_wconf 84' lang='lat'><strong>2&#39;52.</strong></span> <span class='ocrx_word' id='word_1_337' title='bbox 265 2708 445 2744; x_wconf 85' lang='lat' dir='ltr'>Ceterum</span> <span class='ocrx_word' id='word_1_338' title='bbox 475 2708 521 2745; x_wconf 86' lang='lat' dir='ltr'>de</span> <span class='ocrx_word' id='word_1_339' title='bbox 549 2705 868 2758; x_wconf 81' lang='lat' dir='ltr'>disputationibus</span> <span class='ocrx_word' id='word_1_340' title='bbox 896 2705 1038 2744; x_wconf 85' lang='lat' dir='ltr'>habitis</span> <span class='ocrx_word' id='word_1_341' title='bbox 1058 2706 1097 2744; x_wconf 89' lang='lat' dir='ltr'>in</span> <span class='ocrx_word' id='word_1_342' title='bbox 1119 2704 1193 2757; x_wconf 83' lang='lat' dir='ltr'>Sy-</span> 
     </span>
     <span class='ocr_line' id='line_1_51' title="bbox 83 2759 1193 2812; baseline -0.003 -13"><span class='ocrx_word' id='word_1_343' title='bbox 83 2761 211 2808; x_wconf 78' lang='lat' dir='ltr'>nodo,</span> <span class='ocrx_word' id='word_1_344' title='bbox 240 2774 284 2798; x_wconf 87' lang='lat' dir='ltr'>ac</span> <span class='ocrx_word' id='word_1_345' title='bbox 313 2761 359 2798; x_wconf 86' lang='lat' dir='ltr'>de</span> <span class='ocrx_word' id='word_1_346' title='bbox 390 2761 559 2812; x_wconf 84' lang='lat' dir='ltr'>ipsarum</span> <span class='ocrx_word' id='word_1_347' title='bbox 590 2762 691 2797; x_wconf 84' lang='lat' dir='ltr'>exitu</span> <span class='ocrx_word' id='word_1_348' title='bbox 720 2759 858 2811; x_wconf 80' lang='lat' dir='ltr'>dignus</span> <span class='ocrx_word' id='word_1_349' title='bbox 887 2769 938 2797; x_wconf 87' lang='lat' dir='ltr'>est</span> <span class='ocrx_word' id='word_1_350' title='bbox 967 2761 1034 2811; x_wconf 89' lang='lat' dir='ltr'>qui</span> <span class='ocrx_word' id='word_1_351' title='bbox 1061 2759 1193 2797; x_wconf 82' lang='lat' dir='ltr'>audia-</span> 
     </span>
     <span class='ocr_line' id='line_1_52' title="bbox 85 2812 1194 2865; baseline -0.004 -12"><span class='ocrx_word' id='word_1_352' title='bbox 85 2823 149 2853; x_wconf 82' lang='lat' dir='ltr'>tur</span> <span class='ocrx_word' id='word_1_353' title='bbox 186 2814 245 2852; x_wconf 78' lang='lat' dir='ltr'>Jo.</span> <span class='ocrx_word' id='word_1_354' title='bbox 273 2812 521 2852; x_wconf 86' lang='lat' dir='ltr'>Plusiadenus</span> <span class='ocrx_word' id='word_1_355' title='bbox 549 2815 711 2852; x_wconf 81' lang='lat' dir='ltr'>Graecus</span> <span class='ocrx_word' id='word_1_356' title='bbox 739 2812 958 2865; x_wconf 83' lang='lat' dir='ltr'>inDialogo</span> <span class='ocrx_word' id='word_1_357' title='bbox 987 2812 1034 2850; x_wconf 79' lang='lat' dir='ltr'>de</span> <span class='ocrx_word' id='word_1_358' title='bbox 1064 2812 1194 2865; x_wconf 76' lang='lat' dir='ltr'>Syno-</span> 
     </span>
    </p>
   </div>
   <div class='ocr_carea' id='block_1_4' title="bbox 87 2863 1204 2917">
    <p class='ocr_par' dir='ltr' id='par_1_7' title="bbox 87 2863 1204 2917">
     <span class='ocr_line' id='line_1_53' title="bbox 87 2863 1204 2917; baseline 0 -14"><span class='ocrx_word' id='word_1_359' title='bbox 87 2866 138 2903; x_wconf 82' lang='lat' dir='ltr'>do</span> <span class='ocrx_word' id='word_1_360' title='bbox 166 2867 396 2905; x_wconf 67' lang='lat' dir='ltr'>Florentino</span> <span class='ocrx_word' id='word_1_361' title='bbox 416 2881 433 2912; x_wconf 84' lang='lat'>‚·</span> <span class='ocrx_word' id='word_1_362' title='bbox 475 2867 558 2905; x_wconf 84' lang='lat' dir='ltr'>haec</span> <span class='ocrx_word' id='word_1_363' title='bbox 587 2867 819 2917; x_wconf 13' lang='lat' dir='ltr'>enimrinter</span> <span class='ocrx_word' id='word_1_364' title='bbox 861 2863 939 2904; x_wconf 85' lang='lat' dir='ltr'>alia</span> <span class='ocrx_word' id='word_1_365' title='bbox 977 2865 1098 2904; x_wconf 84' lang='lat' dir='ltr'>multa</span> <span class='ocrx_word' id='word_1_366' title='bbox 1128 2865 1204 2903; x_wconf 37' lang='lat' dir='ltr'>lia-⁷</span> 
     </span>
    </p>
   </div>
   <div class='ocr_carea' id='block_1_5' title="bbox 87 2919 1196 3400">
    <p class='ocr_par' dir='ltr' id='par_1_8' title="bbox 87 2919 1196 3400">
     <span class='ocr_line' id='line_1_54' title="bbox 87 2919 1194 2972; baseline -0.001 -15"><span class='ocrx_word' id='word_1_367' title='bbox 87 2919 151 2957; x_wconf 86' lang='lat' dir='ltr'>bet</span> <span class='ocrx_word' id='word_1_368' title='bbox 179 2920 225 2956; x_wconf 82' lang='lat' dir='ltr'>de</span> <span class='ocrx_word' id='word_1_369' title='bbox 243 2921 444 2972; x_wconf 89' lang='lat' dir='ltr'>Episcopis</span> <span class='ocrx_word' id='word_1_370' title='bbox 461 2921 600 2972; x_wconf 79' lang='lat' dir='ltr'>-graecis</span> <span class='ocrx_word' id='word_1_371' title='bbox 619 2932 627 2957; x_wconf 74' lang='lat' dir='ltr'>z</span> <span class='ocrx_word' id='word_1_372' title='bbox 649 2949 676 2968; x_wconf 93' lang='lat'><strong>„</strong></span> <span class='ocrx_word' id='word_1_373' title='bbox 704 2919 840 2972; x_wconf 84' lang='lat' dir='ltr'>Neque</span> <span class='ocrx_word' id='word_1_374' title='bbox 866 2933 935 2958; x_wconf 61' lang='lat' dir='ltr'>‘suo</span> <span class='ocrx_word' id='word_1_375' title='bbox 964 2931 1114 2958; x_wconf 86' lang='lat' dir='ltr'>accessu</span> <span class='ocrx_word' id='word_1_376' title='bbox 1127 2930 1194 2956; x_wconf 80' lang='lat' dir='ltr'>&#39;su-</span> 
     </span>
     <span class='ocr_line' id='line_1_55' title="bbox 88 2971 1193 3026; baseline 0 -17"><span class='ocrx_word' id='word_1_377' title='bbox 88 3003 116 3022; x_wconf 84' lang='lat'>„</span> <span class='ocrx_word' id='word_1_378' title='bbox 145 2971 226 3010; x_wconf 89' lang='lat' dir='ltr'>bito</span> <span class='ocrx_word' id='word_1_379' title='bbox 253 2975 434 3012; x_wconf 85' lang='lat' dir='ltr'>unionem</span> <span class='ocrx_word' id='word_1_380' title='bbox 456 2973 626 3026; x_wconf 85' lang='lat' dir='ltr'>amplexi</span> <span class='ocrx_word' id='word_1_381' title='bbox 655 2982 767 3021; x_wconf 88' lang='lat' dir='ltr'>sunt,</span> <span class='ocrx_word' id='word_1_382' title='bbox 795 2974 859 3011; x_wconf 83' lang='lat' dir='ltr'>sed</span> <span class='ocrx_word' id='word_1_383' title='bbox 875 2974 1073 3012; x_wconf 86' lang='lat' dir='ltr'>continuos</span> <span class='ocrx_word' id='word_1_384' title='bbox 1102 2974 1193 3010; x_wconf 81' lang='lat' dir='ltr'>duos</span> 
     </span>
     <span class='ocr_line' id='line_1_56' title="bbox 91 3025 1193 3080; baseline -0.001 -18"><span class='ocrx_word' id='word_1_385' title='bbox 91 3056 119 3074; x_wconf 80' lang='lat'>„</span> <span class='ocrx_word' id='word_1_386' title='bbox 149 3036 264 3062; x_wconf 83' lang='lat' dir='ltr'>annos</span> <span class='ocrx_word' id='word_1_387' title='bbox 307 3034 467 3079; x_wconf 87' lang='lat' dir='ltr'>utraque</span> <span class='ocrx_word' id='word_1_388' title='bbox 496 3037 582 3080; x_wconf 77' lang='lat' dir='ltr'>pars</span> <span class='ocrx_word' id='word_1_389' title='bbox 627 3027 949 3079; x_wconf 77' lang='lat' dir='ltr'>disputationibus</span> <span class='ocrx_word' id='word_1_390' title='bbox 993 3025 1193 3064; x_wconf 85' lang='lat' dir='ltr'>incumbe-</span> 
     </span>
     <span class='ocr_line' id='line_1_57' title="bbox 92 3076 1192 3131; baseline 0 -16"><span class='ocrx_word' id='word_1_391' title='bbox 92 3108 119 3127; x_wconf 58' lang='lat'>2,</span> <span class='ocrx_word' id='word_1_392' title='bbox 149 3078 247 3125; x_wconf 87' lang='lat' dir='ltr'>bat,</span> <span class='ocrx_word' id='word_1_393' title='bbox 285 3076 318 3114; x_wconf 68' lang='grc'>8(</span> <span class='ocrx_word' id='word_1_394' title='bbox 348 3082 575 3118; x_wconf 82' lang='lat' dir='ltr'>concertatio</span> <span class='ocrx_word' id='word_1_395' title='bbox 602 3082 920 3118; x_wconf 75' lang='lat' dir='ltr'>concertationem</span> <span class='ocrx_word' id='word_1_396' title='bbox 950 3079 1192 3131; x_wconf 82' lang='lat' dir='ltr'>excipiebat,</span> 
     </span>
     <span class='ocr_line' id='line_1_58' title="bbox 91 3130 1194 3187; baseline 0.002 -20"><span class='ocrx_word' id='word_1_397' title='bbox 91 3161 117 3180; x_wconf 80' lang='lat'><strong>„</strong></span> <span class='ocrx_word' id='word_1_398' title='bbox 147 3130 181 3167; x_wconf 85' lang='lat'>&amp;</span> <span class='ocrx_word' id='word_1_399' title='bbox 212 3144 430 3182; x_wconf 81' lang='lat' dir='ltr'>congressus</span> <span class='ocrx_word' id='word_1_400' title='bbox 459 3147 722 3186; x_wconf 73' lang='lat' dir='ltr'>congressum3</span> <span class='ocrx_word' id='word_1_401' title='bbox 770 3134 802 3170; x_wconf 85' lang='lat'>&amp;</span> <span class='ocrx_word' id='word_1_402' title='bbox 833 3136 899 3187; x_wconf 84' lang='lat' dir='ltr'>qui</span> <span class='ocrx_word' id='word_1_403' title='bbox 929 3132 1194 3186; x_wconf 82' lang='lat' dir='ltr'>disputationi-</span> 
     </span>
     <span class='ocr_line' id='line_1_59' title="bbox 92 3184 1192 3240; baseline -0.001 -18"><span class='ocrx_word' id='word_1_404' title='bbox 92 3214 119 3234; x_wconf 86' lang='lat'>„</span> <span class='ocrx_word' id='word_1_405' title='bbox 148 3184 222 3222; x_wconf 87' lang='lat' dir='ltr'>bus</span> <span class='ocrx_word' id='word_1_406' title='bbox 252 3194 442 3236; x_wconf 82' lang='lat' dir='ltr'>praeerant</span> <span class='ocrx_word' id='word_1_407' title='bbox 463 3214 473 3232; x_wconf 88' lang='lat'>,</span> <span class='ocrx_word' id='word_1_408' title='bbox 503 3201 715 3240; x_wconf 84' lang='lat' dir='ltr'>numquam</span> <span class='ocrx_word' id='word_1_409' title='bbox 745 3187 1022 3240; x_wconf 88' lang='lat' dir='ltr'>quiescebant,</span> <span class='ocrx_word' id='word_1_410' title='bbox 1052 3188 1112 3224; x_wconf 84' lang='lat' dir='ltr'>sed</span> <span class='ocrx_word' id='word_1_411' title='bbox 1133 3198 1192 3222; x_wconf 85' lang='lat' dir='ltr'>ar-</span> 
     </span>
     <span class='ocr_line' id='line_1_60' title="bbox 94 3239 1193 3293; baseline 0.001 -19"><span class='ocrx_word' id='word_1_412' title='bbox 94 3268 120 3288; x_wconf 77' lang='lat'><strong>„</strong></span> <span class='ocrx_word' id='word_1_413' title='bbox 151 3245 329 3288; x_wconf 84' lang='lat' dir='ltr'>gumeuta</span> <span class='ocrx_word' id='word_1_414' title='bbox 360 3239 491 3275; x_wconf 84' lang='lat' dir='ltr'>animo</span> <span class='ocrx_word' id='word_1_415' title='bbox 520 3239 739 3289; x_wconf 88' lang='lat' dir='ltr'>volventes,</span> <span class='ocrx_word' id='word_1_416' title='bbox 768 3249 898 3279; x_wconf 88' lang='lat' dir='ltr'>noctes</span> <span class='ocrx_word' id='word_1_417' title='bbox 926 3242 1080 3293; x_wconf 78' lang='lat' dir='ltr'>diesque</span> <span class='ocrx_word' id='word_1_418' title='bbox 1108 3251 1193 3290; x_wconf 86' lang='lat' dir='ltr'>per-</span> 
     </span>
     <span class='ocr_line' id='line_1_61' title="bbox 94 3290 1196 3346; baseline 0.001 -19"><span class='ocrx_word' id='word_1_419' title='bbox 94 3321 121 3341; x_wconf 78' lang='lat'><strong>„</strong></span> <span class='ocrx_word' id='word_1_420' title='bbox 152 3290 364 3342; x_wconf 81' lang='lat' dir='ltr'>vigilabant</span> <span class='ocrx_word' id='word_1_421' title='bbox 385 3321 397 3338; x_wconf 85' lang='lat'>,</span> <span class='ocrx_word' id='word_1_422' title='bbox 439 3290 473 3326; x_wconf 87' lang='lat'>&amp;</span> <span class='ocrx_word' id='word_1_423' title='bbox 502 3293 661 3344; x_wconf 86' lang='lat' dir='ltr'>quisque</span> <span class='ocrx_word' id='word_1_424' title='bbox 689 3307 760 3346; x_wconf 88' lang='lat' dir='ltr'>pro</span> <span class='ocrx_word' id='word_1_425' title='bbox 787 3295 926 3333; x_wconf 80' lang='lat' dir='ltr'>tuenda</span> <span class='ocrx_word' id='word_1_426' title='bbox 950 3307 1021 3331; x_wconf 78' lang='lat' dir='ltr'>&#39;sua</span> <span class='ocrx_word' id='word_1_427' title='bbox 1049 3302 1196 3330; x_wconf 84' lang='lat' dir='ltr'>senteu-</span> 
     </span>
     <span class='ocr_line' id='line_1_62' title="bbox 96 3345 1196 3400; baseline 0.002 -18"><span class='ocrx_word' id='word_1_428' title='bbox 96 3373 122 3394; x_wconf 80' lang='lat'>„</span> <span class='ocrx_word' id='word_1_429' title='bbox 153 3345 203 3383; x_wconf 85' lang='lat' dir='ltr'>tia</span> <span class='ocrx_word' id='word_1_430' title='bbox 232 3345 352 3383; x_wconf 86' lang='lat' dir='ltr'>nimio</span> <span class='ocrx_word' id='word_1_431' title='bbox 372 3357 483 3397; x_wconf 86' lang='lat' dir='ltr'>opere</span> <span class='ocrx_word' id='word_1_432' title='bbox 500 3346 672 3386; x_wconf 79' lang='lat' dir='ltr'>sumebat</span> <span class='ocrx_word' id='word_1_433' title='bbox 686 3361 870 3400; x_wconf 76' lang='lat' dir='ltr'>operam,</span> <span class='ocrx_word' id='word_1_434' title='bbox 899 3361 1096 3400; x_wconf 82' lang='lat' dir='ltr'>quousque</span> <span class='ocrx_word' id='word_1_435' title='bbox 1116 3354 1196 3385; x_wconf 81' lang='lat' dir='ltr'>tan-</span> 
     </span>
    </p>
   </div>
   <div class='ocr_carea' id='block_1_6' title="bbox 2216 134 2297 175">
    <p class='ocr_par' dir='ltr' id='par_1_9' title="bbox 2216 134 2297 175">
     <span class='ocr_line' id='line_1_63' title="bbox 2216 134 2297 175; baseline 0.049 -3"><span class='ocrx_word' id='word_1_436' title='bbox 2216 134 2297 175; x_wconf 76' lang='lat'>183</span> 
     </span>
    </p>
   </div>
   <div class='ocr_carea' id='block_1_7' title="bbox 1253 200 2371 3022">
    <p class='ocr_par' dir='ltr' id='par_1_10' title="bbox 1253 200 2359 1166">
     <span class='ocr_line' id='line_1_64' title="bbox 1253 200 2356 260; baseline 0.008 -20"><span class='ocrx_word' id='word_1_437' title='bbox 1253 232 1279 252; x_wconf 95' lang='lat'><strong>„</strong></span> <span class='ocrx_word' id='word_1_438' title='bbox 1308 200 1395 241; x_wconf 81' lang='lat' dir='ltr'>dein</span> <span class='ocrx_word' id='word_1_439' title='bbox 1426 218 1483 242; x_wconf 85' lang='lat' dir='ltr'>res</span> <span class='ocrx_word' id='word_1_440' title='bbox 1526 206 1672 242; x_wconf 86' lang='lat' dir='ltr'>exitum</span> <span class='ocrx_word' id='word_1_441' title='bbox 1708 201 1868 253; x_wconf 87' lang='lat' dir='ltr'>habuit,</span> <span class='ocrx_word' id='word_1_442' title='bbox 1913 204 1947 243; x_wconf 84' lang='lat'>&amp;</span> <span class='ocrx_word' id='word_1_443' title='bbox 1975 202 2069 246; x_wconf 83' lang='lat' dir='ltr'>unio</span> <span class='ocrx_word' id='word_1_444' title='bbox 2108 208 2276 260; x_wconf 82' lang='lat' dir='ltr'>perfecta</span> <span class='ocrx_word' id='word_1_445' title='bbox 2304 221 2356 250; x_wconf 85' lang='lat' dir='ltr'>est</span> 
     </span>
     <span class='ocr_line' id='line_1_65' title="bbox 1253 257 2355 315; baseline 0.009 -22"><span class='ocrx_word' id='word_1_446' title='bbox 1253 285 1279 304; x_wconf 91' lang='lat'>„</span> <span class='ocrx_word' id='word_1_447' title='bbox 1308 270 1397 294; x_wconf 89' lang='lat' dir='ltr'>cum</span> <span class='ocrx_word' id='word_1_448' title='bbox 1426 258 1566 309; x_wconf 83' lang='lat' dir='ltr'>gaudio</span> <span class='ocrx_word' id='word_1_449' title='bbox 1607 257 1806 305; x_wconf 83' lang='lat' dir='ltr'>veritatis,</span> <span class='ocrx_word' id='word_1_450' title='bbox 1849 271 1923 298; x_wconf 89' lang='lat' dir='ltr'>non</span> <span class='ocrx_word' id='word_1_451' title='bbox 1960 274 2167 299; x_wconf 88' lang='lat' dir='ltr'>munerum</span> <span class='ocrx_word' id='word_1_452' title='bbox 2210 266 2355 315; x_wconf 82' lang='lat' dir='ltr'>gratia:</span> 
     </span>
     <span class='ocr_line' id='line_1_66' title="bbox 1253 311 2357 363; baseline 0.008 -17"><span class='ocrx_word' id='word_1_453' title='bbox 1253 338 1279 357; x_wconf 90' lang='lat'><strong>„</strong></span> <span class='ocrx_word' id='word_1_454' title='bbox 1309 322 1521 363; x_wconf 83' lang='lat' dir='ltr'>manusque</span> <span class='ocrx_word' id='word_1_455' title='bbox 1545 311 1714 362; x_wconf 83' lang='lat' dir='ltr'>dogmat-i</span> <span class='ocrx_word' id='word_1_456' title='bbox 1743 311 1944 360; x_wconf 85' lang='lat' dir='ltr'>dederunt,</span> <span class='ocrx_word' id='word_1_457' title='bbox 1974 328 2063 351; x_wconf 85' lang='lat' dir='ltr'>cum</span> <span class='ocrx_word' id='word_1_458' title='bbox 2084 325 2213 352; x_wconf 83' lang='lat' dir='ltr'>contra</span> <span class='ocrx_word' id='word_1_459' title='bbox 2237 317 2357 356; x_wconf 65' lang='lat' dir='ltr'>hisce‘-</span> 
     </span>
     <span class='ocr_line' id='line_1_67' title="bbox 1254 362 2357 418; baseline 0.01 -19"><span class='ocrx_word' id='word_1_460' title='bbox 1254 390 1279 411; x_wconf 92' lang='lat'>„</span> <span class='ocrx_word' id='word_1_461' title='bbox 1308 376 1350 399; x_wconf 91' lang='lat' dir='ltr'>re</span> <span class='ocrx_word' id='word_1_462' title='bbox 1379 376 1451 400; x_wconf 88' lang='lat' dir='ltr'>non</span> <span class='ocrx_word' id='word_1_463' title='bbox 1481 373 1655 415; x_wconf 87' lang='lat' dir='ltr'>possent,</span> <span class='ocrx_word' id='word_1_464' title='bbox 1684 362 1789 401; x_wconf 86' lang='lat' dir='ltr'>claro</span> <span class='ocrx_word' id='word_1_465' title='bbox 1817 365 1935 413; x_wconf 87' lang='lat' dir='ltr'>adeo,</span> <span class='ocrx_word' id='word_1_466' title='bbox 1974 369 2213 418; x_wconf 75' lang='lat' dir='ltr'>patentique:</span> <span class='ocrx_word' id='word_1_467' title='bbox 2256 370 2357 410; x_wconf 79' lang='lat' dir='ltr'>laeti-</span> 
     </span>
     <span class='ocr_line' id='line_1_68' title="bbox 1254 416 2356 472; baseline 0.01 -20"><span class='ocrx_word' id='word_1_468' title='bbox 1254 444 1281 463; x_wconf 93' lang='lat'>„</span> <span class='ocrx_word' id='word_1_469' title='bbox 1310 424 1385 466; x_wconf 79' lang='lat' dir='ltr'>q‘ue</span> <span class='ocrx_word' id='word_1_470' title='bbox 1417 416 1679 469; x_wconf 66' lang='lat' dir='ltr'>&#39;subscripsere</span> <span class='ocrx_word' id='word_1_471' title='bbox 1722 416 1912 465; x_wconf 83' lang='lat' dir='ltr'>volentes,</span> <span class='ocrx_word' id='word_1_472' title='bbox 1955 418 2230 472; x_wconf 75' lang='lat' dir='ltr'>iubentesque,</span> <span class='ocrx_word' id='word_1_473' title='bbox 2279 437 2356 463; x_wconf 85' lang='lat' dir='ltr'>non</span> 
     </span>
     <span class='ocr_line' id='line_1_69' title="bbox 1254 470 2358 523; baseline 0.01 -18"><span class='ocrx_word' id='word_1_474' title='bbox 1254 498 1280 517; x_wconf 90' lang='lat'>„</span> <span class='ocrx_word' id='word_1_475' title='bbox 1310 470 1428 506; x_wconf 81' lang='lat' dir='ltr'>coacti</span> <span class='ocrx_word' id='word_1_476' title='bbox 1446 499 1456 517; x_wconf 88' lang='lat'>‚</span> <span class='ocrx_word' id='word_1_477' title='bbox 1487 479 1528 507; x_wconf 88' lang='lat' dir='ltr'>ut</span> <span class='ocrx_word' id='word_1_478' title='bbox 1556 484 1621 507; x_wconf 84' lang='lat' dir='ltr'>vos</span> <span class='ocrx_word' id='word_1_479' title='bbox 1635 470 1787 516; x_wconf 74' lang='lat' dir='ltr'>‹licitis3</span> <span class='ocrx_word' id='word_1_480' title='bbox 1812 484 1998 523; x_wconf 77' lang='lat' dir='ltr'>sacroque</span> <span class='ocrx_word' id='word_1_481' title='bbox 2018 473 2147 510; x_wconf 67' lang='lat' dir='ltr'>Missae</span> <span class='ocrx_word' id='word_1_482' title='bbox 2168 471 2358 516; x_wconf 82' lang='lat' dir='ltr'>sacrificio</span> 
     </span>
     <span class='ocr_line' id='line_1_70' title="bbox 1254 520 2355 582; baseline 0.011 -25"><span class='ocrx_word' id='word_1_483' title='bbox 1254 550 1280 570; x_wconf 89' lang='lat'><strong>„</strong></span> <span class='ocrx_word' id='word_1_484' title='bbox 1312 532 1462 568; x_wconf 84' lang='lat' dir='ltr'>peracto</span> <span class='ocrx_word' id='word_1_485' title='bbox 1483 520 1666 561; x_wconf 85' lang='lat' dir='ltr'>Definitio</span> <span class='ocrx_word' id='word_1_486' title='bbox 1705 523 1798 562; x_wconf 85' lang='lat' dir='ltr'>lecta</span> <span class='ocrx_word' id='word_1_487' title='bbox 1819 534 1898 571; x_wconf 84' lang='lat' dir='ltr'>est,</span> <span class='ocrx_word' id='word_1_488' title='bbox 1928 527 2122 578; x_wconf 85' lang='lat' dir='ltr'>nostrique</span> <span class='ocrx_word' id='word_1_489' title='bbox 2153 528 2355 582; x_wconf 78' lang='lat' dir='ltr'>Archiepi-</span> 
     </span>
     <span class='ocr_line' id='line_1_71' title="bbox 1255 576 2357 626; baseline 0.011 -16"><span class='ocrx_word' id='word_1_490' title='bbox 1255 599 1282 623; x_wconf 67' lang='lat'>5,</span> <span class='ocrx_word' id='word_1_491' title='bbox 1305 576 1416 626; x_wconf 79' lang='lat' dir='ltr'>scopi</span> <span class='ocrx_word' id='word_1_492' title='bbox 1439 578 1560 614; x_wconf 79' lang='lat' dir='ltr'>sacris</span> <span class='ocrx_word' id='word_1_493' title='bbox 1590 577 1826 616; x_wconf 88' lang='lat' dir='ltr'>vestimentis</span> <span class='ocrx_word' id='word_1_494' title='bbox 1855 578 1977 615; x_wconf 79' lang='lat' dir='ltr'>induti</span> <span class='ocrx_word' id='word_1_495' title='bbox 2005 592 2133 616; x_wconf 85' lang='lat' dir='ltr'>omnes</span> <span class='ocrx_word' id='word_1_496' title='bbox 2174 583 2213 617; x_wconf 88' lang='lat' dir='ltr'>in</span> <span class='ocrx_word' id='word_1_497' title='bbox 2245 594 2288 621; x_wconf 83' lang='lat' dir='ltr'>ea</span> <span class='ocrx_word' id='word_1_498' title='bbox 2317 595 2357 622; x_wconf 80' lang='lat' dir='ltr'>a·</span> 
     </span>
     <span class='ocr_line' id='line_1_72' title="bbox 1253 627 2358 683; baseline 0.009 -20"><span class='ocrx_word' id='word_1_499' title='bbox 1253 657 1280 677; x_wconf 84' lang='lat'>„</span> <span class='ocrx_word' id='word_1_500' title='bbox 1310 627 1467 682; x_wconf 77' lang='lat' dir='ltr'>derant,</span> <span class='ocrx_word' id='word_1_501' title='bbox 1504 628 1537 665; x_wconf 75' lang='grc' dir='ltr'>δε</span> <span class='ocrx_word' id='word_1_502' title='bbox 1567 628 1818 680; x_wconf 77' lang='lat' dir='ltr'>jurejurando</span> <span class='ocrx_word' id='word_1_503' title='bbox 1856 644 1970 683; x_wconf 85' lang='lat' dir='ltr'>super</span> <span class='ocrx_word' id='word_1_504' title='bbox 1998 631 2246 672; x_wconf 86' lang='lat' dir='ltr'>Dominicum</span> <span class='ocrx_word' id='word_1_505' title='bbox 2277 649 2358 674; x_wconf 87' lang='lat' dir='ltr'>cor-</span> 
     </span>
     <span class='ocr_line' id='line_1_73' title="bbox 1254 683 2357 738; baseline 0.01 -22"><span class='ocrx_word' id='word_1_506' title='bbox 1254 710 1281 730; x_wconf 78' lang='lat'>„</span> <span class='ocrx_word' id='word_1_507' title='bbox 1311 693 1382 732; x_wconf 87' lang='lat' dir='ltr'>pus</span> <span class='ocrx_word' id='word_1_508' title='bbox 1412 695 1490 727; x_wconf 64' lang='lat' dir='ltr'>iam</span> <span class='ocrx_word' id='word_1_509' title='bbox 1515 692 1778 721; x_wconf 80' lang='lat' dir='ltr'>‘consecratum</span> <span class='ocrx_word' id='word_1_510' title='bbox 1807 683 1894 722; x_wconf 72' lang='lat' dir='ltr'>dato</span> <span class='ocrx_word' id='word_1_511' title='bbox 1916 714 1926 732; x_wconf 87' lang='lat'>,</span> <span class='ocrx_word' id='word_1_512' title='bbox 1957 694 2215 738; x_wconf 81' lang='lat' dir='ltr'>acceptoque,</span> <span class='ocrx_word' id='word_1_513' title='bbox 2248 690 2298 726; x_wconf 81' lang='lat' dir='ltr'>ita</span> <span class='ocrx_word' id='word_1_514' title='bbox 2319 700 2357 727; x_wconf 76' lang='lat' dir='ltr'>se</span> 
     </span>
     <span class='ocr_line' id='line_1_74' title="bbox 1255 733 2358 787; baseline 0.007 -16"><span class='ocrx_word' id='word_1_515' title='bbox 1255 763 1281 784; x_wconf 89' lang='lat'>„</span> <span class='ocrx_word' id='word_1_516' title='bbox 1310 734 1476 781; x_wconf 85' lang='lat' dir='ltr'>sentire,</span> <span class='ocrx_word' id='word_1_517' title='bbox 1505 733 1539 769; x_wconf 74' lang='lat'>8&lt;</span> <span class='ocrx_word' id='word_1_518' title='bbox 1564 737 1815 787; x_wconf 77' lang='lat' dir='ltr'>&#39;imposterum</span> <span class='ocrx_word' id='word_1_519' title='bbox 1844 738 2050 776; x_wconf 85' lang='lat' dir='ltr'>credituros</span> <span class='ocrx_word' id='word_1_520' title='bbox 2078 752 2207 778; x_wconf 87' lang='lat' dir='ltr'>omues</span> <span class='ocrx_word' id='word_1_521' title='bbox 2237 743 2358 779; x_wconf 85' lang='lat' dir='ltr'>utriu-</span> 
     </span>
     <span class='ocr_line' id='line_1_75' title="bbox 1255 788 2358 841; baseline 0.009 -18"><span class='ocrx_word' id='word_1_522' title='bbox 1255 812 1281 836; x_wconf 82' lang='lat'>‚-,</span> <span class='ocrx_word' id='word_1_523' title='bbox 1310 801 1403 839; x_wconf 83' lang='lat' dir='ltr'>sque</span> <span class='ocrx_word' id='word_1_524' title='bbox 1427 788 1547 837; x_wconf 87' lang='lat' dir='ltr'>partis</span> <span class='ocrx_word' id='word_1_525' title='bbox 1576 789 1686 826; x_wconf 80' lang='lat' dir='ltr'>avide</span> <span class='ocrx_word' id='word_1_526' title='bbox 1714 789 1920 840; x_wconf 75' lang='lat' dir='ltr'>jurarunt,</span> <span class='ocrx_word' id='word_1_527' title='bbox 1951 792 2003 828; x_wconf 87' lang='lat' dir='ltr'>ita</span> <span class='ocrx_word' id='word_1_528' title='bbox 2031 801 2182 841; x_wconf 86' lang='lat' dir='ltr'>tenere,</span> <span class='ocrx_word' id='word_1_529' title='bbox 2213 793 2246 830; x_wconf 75' lang='grc' dir='ltr'>δε</span> <span class='ocrx_word' id='word_1_530' title='bbox 2276 809 2358 834; x_wconf 87' lang='lat' dir='ltr'>cre-</span> 
     </span>
     <span class='ocr_line' id='line_1_76' title="bbox 1255 841 2358 897; baseline 0.009 -20"><span class='ocrx_word' id='word_1_531' title='bbox 1255 871 1282 890; x_wconf 80' lang='lat'><strong>„</strong></span> <span class='ocrx_word' id='word_1_532' title='bbox 1304 841 1426 887; x_wconf 86' lang='lat' dir='ltr'>dere,</span> <span class='ocrx_word' id='word_1_533' title='bbox 1471 843 1688 894; x_wconf 85' lang='lat' dir='ltr'>mutuisque</span> <span class='ocrx_word' id='word_1_534' title='bbox 1717 857 1754 880; x_wconf 90' lang='lat' dir='ltr'>se</span> <span class='ocrx_word' id='word_1_535' title='bbox 1783 843 2023 895; x_wconf 78' lang='lat' dir='ltr'>amplexibus</span> <span class='ocrx_word' id='word_1_536' title='bbox 2052 845 2325 886; x_wconf 82' lang='lat' dir='ltr'>osculabantur</span> <span class='ocrx_word' id='word_1_537' title='bbox 2345 880 2358 897; x_wconf 92' lang='lat'>,</span> 
     </span>
     <span class='ocr_line' id='line_1_77' title="bbox 1256 891 2358 954; baseline 0.009 -24"><span class='ocrx_word' id='word_1_538' title='bbox 1256 924 1282 944; x_wconf 80' lang='lat'><strong><em>„</em></strong></span> <span class='ocrx_word' id='word_1_539' title='bbox 1311 903 1382 931; x_wconf 83' lang='lat' dir='ltr'>non</span> <span class='ocrx_word' id='word_1_540' title='bbox 1404 893 1491 931; x_wconf 70' lang='lat' dir='ltr'>sine</span> <span class='ocrx_word' id='word_1_541' title='bbox 1521 892 1730 946; x_wconf 79' lang='lat' dir='ltr'>lacrymis,</span> <span class='ocrx_word' id='word_1_542' title='bbox 1759 891 2062 936; x_wconf 73' lang='lat' dir='ltr'>&amp;inenarrabili</span> <span class='ocrx_word' id='word_1_543' title='bbox 2091 900 2229 950; x_wconf 82' lang='lat' dir='ltr'>&#39;gaudio</span> <span class='ocrx_word' id='word_1_544' title='bbox 2247 931 2256 949; x_wconf 92' lang='lat'>,</span> <span class='ocrx_word' id='word_1_545' title='bbox 2288 911 2358 954; x_wconf 88' lang='lat' dir='ltr'>pro</span> 
     </span>
     <span class='ocr_line' id='line_1_78' title="bbox 1254 945 2358 997; baseline 0.009 -13"><span class='ocrx_word' id='word_1_546' title='bbox 1254 976 1282 997; x_wconf 88' lang='lat'>„</span> <span class='ocrx_word' id='word_1_547' title='bbox 1310 948 1488 985; x_wconf 85' lang='lat' dir='ltr'>diuturno</span> <span class='ocrx_word' id='word_1_548' title='bbox 1516 945 1707 985; x_wconf 82' lang='lat' dir='ltr'>schismati</span> <span class='ocrx_word' id='word_1_549' title='bbox 1738 951 1905 988; x_wconf 86' lang='lat' dir='ltr'>remedio</span> <span class='ocrx_word' id='word_1_550' title='bbox 1933 951 2074 997; x_wconf 79' lang='lat' dir='ltr'>allat03</span> <span class='ocrx_word' id='word_1_551' title='bbox 2103 952 2358 995; x_wconf 70' lang='lat' dir='ltr'>&amp;Christiani</span> 
     </span>
     <span class='ocr_line' id='line_1_79' title="bbox 1254 999 2358 1050; baseline 0.007 -12"><span class='ocrx_word' id='word_1_552' title='bbox 1254 999 1507 1050; x_wconf 82' lang='lat' dir='ltr'>„orthodoxi</span> <span class='ocrx_word' id='word_1_553' title='bbox 1538 1010 1616 1038; x_wconf 83' lang='lat' dir='ltr'>tum</span> <span class='ocrx_word' id='word_1_554' title='bbox 1648 999 1776 1039; x_wconf 77' lang='lat' dir='ltr'>Graect</span> <span class='ocrx_word' id='word_1_555' title='bbox 1795 1032 1804 1049; x_wconf 88' lang='lat'>,</span> <span class='ocrx_word' id='word_1_556' title='bbox 1835 1012 1916 1041; x_wconf 88' lang='lat' dir='ltr'>tum</span> <span class='ocrx_word' id='word_1_557' title='bbox 1937 1005 2064 1043; x_wconf 88' lang='lat' dir='ltr'>Latini</span> <span class='ocrx_word' id='word_1_558' title='bbox 2097 1007 2136 1044; x_wconf 90' lang='lat' dir='ltr'>in</span> <span class='ocrx_word' id='word_1_559' title='bbox 2168 1020 2212 1045; x_wconf 89' lang='lat' dir='ltr'>ea</span> <span class='ocrx_word' id='word_1_560' title='bbox 2232 1008 2358 1046; x_wconf 78' lang='lat' dir='ltr'>accla-</span> 
     </span>
     <span class='ocr_line' id='line_1_80' title="bbox 1255 1053 2359 1108; baseline 0.009 -18"><span class='ocrx_word' id='word_1_561' title='bbox 1255 1080 1281 1104; x_wconf 79' lang='lat'><strong>„</strong></span> <span class='ocrx_word' id='word_1_562' title='bbox 1311 1054 1406 1091; x_wconf 79' lang='lat' dir='ltr'>inati</span> <span class='ocrx_word' id='word_1_563' title='bbox 1435 1061 1546 1101; x_wconf 85' lang='lat' dir='ltr'>sunt,</span> <span class='ocrx_word' id='word_1_564' title='bbox 1579 1053 1611 1089; x_wconf 69' lang='grc' dir='ltr'>δε</span> <span class='ocrx_word' id='word_1_565' title='bbox 1642 1054 1826 1092; x_wconf 82' lang='lat' dir='ltr'>Definitio</span> <span class='ocrx_word' id='word_1_566' title='bbox 1856 1071 1922 1108; x_wconf 85' lang='lat' dir='ltr'>per</span> <span class='ocrx_word' id='word_1_567' title='bbox 1950 1066 2070 1096; x_wconf 86' lang='lat' dir='ltr'>totum</span> <span class='ocrx_word' id='word_1_568' title='bbox 2099 1059 2359 1100; x_wconf 85' lang='lat' dir='ltr'>Christianum</span> 
     </span>
     <span class='ocr_line' id='line_1_81' title="bbox 1256 1106 2359 1166; baseline 0.009 -23"><span class='ocrx_word' id='word_1_569' title='bbox 1256 1136 1284 1157; x_wconf 83' lang='lat'>„</span> <span class='ocrx_word' id='word_1_570' title='bbox 1305 1107 1444 1145; x_wconf 62' lang='lat' dir='ltr'>vorbem</span> <span class='ocrx_word' id='word_1_571' title='bbox 1464 1106 1695 1158; x_wconf 83' lang='lat' dir='ltr'>pervolavit,</span> <span class='ocrx_word' id='word_1_572' title='bbox 1721 1120 1848 1158; x_wconf 67' lang='lat' dir='ltr'>‘graece</span> <span class='ocrx_word' id='word_1_573' title='bbox 1866 1140 1875 1157; x_wconf 84' lang='lat'>,</span> <span class='ocrx_word' id='word_1_574' title='bbox 1898 1109 2062 1149; x_wconf 76' lang='lat' dir='ltr'>&amp;latine</span> <span class='ocrx_word' id='word_1_575' title='bbox 2077 1115 2315 1166; x_wconf 81' lang='lat' dir='ltr'>conscripta.</span> <span class='ocrx_word' id='word_1_576' title='bbox 2332 1118 2359 1137; x_wconf 79' lang='lat'>“¹</span> 
     </span>
    </p>

    <p class='ocr_par' dir='ltr' id='par_1_11' title="bbox 1255 1159 2371 2493">
     <span class='ocr_line' id='line_1_82' title="bbox 1310 1159 2361 1212; baseline 0.007 -13"><span class='ocrx_word' id='word_1_577' title='bbox 1310 1161 1402 1199; x_wconf 78' lang='lat'><strong>253.</strong></span> <span class='ocrx_word' id='word_1_578' title='bbox 1431 1159 1510 1198; x_wconf 74' lang='lat' dir='ltr'>Nec</span> <span class='ocrx_word' id='word_1_579' title='bbox 1540 1162 1666 1212; x_wconf 77' lang='lat' dir='ltr'>pigeat</span> <span class='ocrx_word' id='word_1_580' title='bbox 1696 1162 1827 1199; x_wconf 83' lang='lat' dir='ltr'>eadem</span> <span class='ocrx_word' id='word_1_581' title='bbox 1856 1163 1901 1200; x_wconf 87' lang='lat' dir='ltr'>de</span> <span class='ocrx_word' id='word_1_582' title='bbox 1932 1175 1971 1200; x_wconf 88' lang='lat' dir='ltr'>re</span> <span class='ocrx_word' id='word_1_583' title='bbox 1991 1165 2154 1203; x_wconf 87' lang='lat' dir='ltr'>alterum</span> <span class='ocrx_word' id='word_1_584' title='bbox 2175 1168 2361 1206; x_wconf 80' lang='lat' dir='ltr'>Graecum</span> 
     </span>
     <span class='ocr_line' id='line_1_83' title="bbox 1257 1213 2360 1270; baseline 0.007 -18"><span class='ocrx_word' id='word_1_585' title='bbox 1257 1215 1389 1253; x_wconf 84' lang='lat' dir='ltr'>audire</span> <span class='ocrx_word' id='word_1_586' title='bbox 1411 1244 1422 1262; x_wconf 85' lang='lat'>,</span> <span class='ocrx_word' id='word_1_587' title='bbox 1451 1213 1694 1252; x_wconf 80' lang='lat' dir='ltr'>Cardinalem</span> <span class='ocrx_word' id='word_1_588' title='bbox 1728 1215 1984 1254; x_wconf 78' lang='lat' dir='ltr'>Bessarionent</span> <span class='ocrx_word' id='word_1_589' title='bbox 2006 1247 2016 1266; x_wconf 93' lang='lat'>,</span> <span class='ocrx_word' id='word_1_590' title='bbox 2059 1220 2125 1270; x_wconf 89' lang='lat' dir='ltr'>qui</span> <span class='ocrx_word' id='word_1_591' title='bbox 2157 1221 2197 1258; x_wconf 90' lang='lat' dir='ltr'>in</span> <span class='ocrx_word' id='word_1_592' title='bbox 2226 1235 2293 1259; x_wconf 87' lang='lat' dir='ltr'>sua</span> <span class='ocrx_word' id='word_1_593' title='bbox 2322 1237 2360 1260; x_wconf 90' lang='lat' dir='ltr'>e·</span> 
     </span>
     <span class='ocr_line' id='line_1_84' title="bbox 1255 1266 2362 1326; baseline 0.007 -22"><span class='ocrx_word' id='word_1_594' title='bbox 1255 1268 1394 1320; x_wconf 85' lang='lat' dir='ltr'>pistola</span> <span class='ocrx_word' id='word_1_595' title='bbox 1420 1266 1586 1319; x_wconf 85' lang='lat' dir='ltr'>generali</span> <span class='ocrx_word' id='word_1_596' title='bbox 1616 1267 1789 1316; x_wconf 70' lang='lat' dir='ltr'>Multae,</span> <span class='ocrx_word' id='word_1_597' title='bbox 1820 1270 1973 1322; x_wconf 88' lang='lat' dir='ltr'>inquit,</span> <span class='ocrx_word' id='word_1_598' title='bbox 2004 1270 2080 1318; x_wconf 76' lang='lat' dir='ltr'>ibi,</span> <span class='ocrx_word' id='word_1_599' title='bbox 2110 1273 2160 1312; x_wconf 68' lang='lat'>(9⁶</span> <span class='ocrx_word' id='word_1_600' title='bbox 2189 1279 2362 1326; x_wconf 71' lang='lat' dir='ltr'>egregiae</span> 
     </span>
     <span class='ocr_line' id='line_1_85' title="bbox 1255 1319 2363 1376; baseline 0.011 -21"><span class='ocrx_word' id='word_1_601' title='bbox 1255 1334 1325 1372; x_wconf 81' lang='lat' dir='ltr'>pro</span> <span class='ocrx_word' id='word_1_602' title='bbox 1354 1319 1425 1358; x_wconf 70' lang='lat' dir='ltr'>l&#39;zoc</span> <span class='ocrx_word' id='word_1_603' title='bbox 1453 1320 1645 1372; x_wconf 65' lang='lat' dir='ltr'>dogmate</span> <span class='ocrx_word' id='word_1_604' title='bbox 1675 1324 1690 1372; x_wconf 85' lang='lat'>(</span> <span class='ocrx_word' id='word_1_605' title='bbox 1721 1325 1965 1373; x_wconf 82' lang='lat' dir='ltr'>processionis</span> <span class='ocrx_word' id='word_1_606' title='bbox 1993 1324 2159 1376; x_wconf 81' lang='lat' dir='ltr'>Spiritus</span> <span class='ocrx_word' id='word_1_607' title='bbox 2193 1330 2311 1365; x_wconf 77' lang='lat' dir='ltr'>sancti</span> <span class='ocrx_word' id='word_1_608' title='bbox 2341 1344 2363 1367; x_wconf 79' lang='lat' dir='ltr'>a</span> 
     </span>
     <span class='ocr_line' id='line_1_86' title="bbox 1255 1373 2363 1426; baseline 0.008 -14"><span class='ocrx_word' id='word_1_609' title='bbox 1255 1374 1437 1426; x_wconf 85' lang='lat' dir='ltr'>Filio)-„</span> <span class='ocrx_word' id='word_1_610' title='bbox 1467 1373 1567 1424; x_wconf 74' lang='lat' dir='ltr'>jacta</span> <span class='ocrx_word' id='word_1_611' title='bbox 1595 1383 1707 1422; x_wconf 83' lang='lat' dir='ltr'>sunt,</span> <span class='ocrx_word' id='word_1_612' title='bbox 1737 1376 1846 1426; x_wconf 81' lang='lat' dir='ltr'>quasi</span> <span class='ocrx_word' id='word_1_613' title='bbox 1869 1377 2141 1425; x_wconf 74' lang='lat' dir='ltr'>fundamenta,</span> <span class='ocrx_word' id='word_1_614' title='bbox 2173 1381 2334 1419; x_wconf 82' lang='lat' dir='ltr'>rationes</span> <span class='ocrx_word' id='word_1_615' title='bbox 2351 1408 2363 1421; x_wconf 63' lang='lat'><em>0</em></span> 
     </span>
     <span class='ocr_line' id='line_1_87' title="bbox 1257 1426 2361 1485; baseline 0.007 -21"><span class='ocrx_word' id='word_1_616' title='bbox 1257 1457 1284 1476; x_wconf 89' lang='lat'><strong>„</strong></span> <span class='ocrx_word' id='word_1_617' title='bbox 1314 1426 1439 1465; x_wconf 76' lang='lat' dir='ltr'>Multa</span> <span class='ocrx_word' id='word_1_618' title='bbox 1469 1441 1515 1465; x_wconf 82' lang='lat' dir='ltr'>ex</span> <span class='ocrx_word' id='word_1_619' title='bbox 1544 1437 1703 1480; x_wconf 86' lang='lat' dir='ltr'>utraque</span> <span class='ocrx_word' id='word_1_620' title='bbox 1733 1438 1840 1479; x_wconf 85' lang='lat' dir='ltr'>parte</span> <span class='ocrx_word' id='word_1_621' title='bbox 1867 1429 1966 1467; x_wconf 84' lang='lat' dir='ltr'>dicta</span> <span class='ocrx_word' id='word_1_622' title='bbox 1984 1461 1994 1478; x_wconf 81' lang='lat'>‚</span> <span class='ocrx_word' id='word_1_623' title='bbox 2037 1444 2125 1483; x_wconf 80' lang='lat' dir='ltr'>quae</span> <span class='ocrx_word' id='word_1_624' title='bbox 2163 1435 2361 1485; x_wconf 81' lang='lat' dir='ltr'>propriam</span> 
     </span>
     <span class='ocr_line' id='line_1_88' title="bbox 1258 1481 2364 1538; baseline 0.006 -21"><span class='ocrx_word' id='word_1_625' title='bbox 1258 1511 1284 1530; x_wconf 45' lang='grc' dir='ltr'>ἓ,</span> <span class='ocrx_word' id='word_1_626' title='bbox 1312 1482 1530 1533; x_wconf 82' lang='lat' dir='ltr'>opinionem</span> <span class='ocrx_word' id='word_1_627' title='bbox 1560 1481 1905 1521; x_wconf 82' lang='lat' dir='ltr'>commendabant.</span> <span class='ocrx_word' id='word_1_628' title='bbox 1936 1482 2109 1522; x_wconf 84' lang='lat' dir='ltr'>Tandem</span> <span class='ocrx_word' id='word_1_629' title='bbox 2140 1487 2232 1524; x_wconf 87' lang='lat' dir='ltr'>vicit</span> <span class='ocrx_word' id='word_1_630' title='bbox 2260 1489 2364 1538; x_wconf 76' lang='lat' dir='ltr'>apud</span> 
     </span>
     <span class='ocr_line' id='line_1_89' title="bbox 1258 1533 2363 1590; baseline 0.006 -19"><span class='ocrx_word' id='word_1_631' title='bbox 1258 1564 1283 1583; x_wconf 87' lang='lat'><strong>„</strong></span> <span class='ocrx_word' id='word_1_632' title='bbox 1311 1548 1466 1581; x_wconf 83' lang='lat' dir='ltr'>omues,</span> <span class='ocrx_word' id='word_1_633' title='bbox 1505 1533 1676 1582; x_wconf 75' lang='lat' dir='ltr'>Patrem,</span> <span class='ocrx_word' id='word_1_634' title='bbox 1725 1534 1758 1570; x_wconf 76' lang='lat'>8&lt;</span> <span class='ocrx_word' id='word_1_635' title='bbox 1789 1535 1936 1574; x_wconf 84' lang='lat' dir='ltr'>Filium</span> <span class='ocrx_word' id='word_1_636' title='bbox 1968 1551 2087 1575; x_wconf 84' lang='lat' dir='ltr'>unum</span> <span class='ocrx_word' id='word_1_637' title='bbox 2117 1552 2192 1576; x_wconf 83' lang='lat' dir='ltr'>esse</span> <span class='ocrx_word' id='word_1_638' title='bbox 2222 1541 2363 1590; x_wconf 69' lang='lat' dir='ltr'>princi=</span> 
     </span>
     <span class='ocr_line' id='line_1_90' title="bbox 1258 1588 2371 1645; baseline 0.006 -21"><span class='ocrx_word' id='word_1_639' title='bbox 1258 1617 1283 1636; x_wconf 85' lang='lat'><strong>„</strong></span> <span class='ocrx_word' id='word_1_640' title='bbox 1315 1589 1424 1639; x_wconf 79' lang='lat' dir='ltr'>pium</span> <span class='ocrx_word' id='word_1_641' title='bbox 1445 1588 1631 1639; x_wconf 83' lang='lat' dir='ltr'>Spiritus,</span> <span class='ocrx_word' id='word_1_642' title='bbox 1662 1588 1695 1624; x_wconf 72' lang='lat'>8&lt;</span> <span class='ocrx_word' id='word_1_643' title='bbox 1717 1601 1760 1625; x_wconf 85' lang='lat' dir='ltr'>ex</span> <span class='ocrx_word' id='word_1_644' title='bbox 1776 1588 1964 1627; x_wconf 80' lang='lat' dir='ltr'>ainbobus</span> <span class='ocrx_word' id='word_1_645' title='bbox 1985 1592 2109 1643; x_wconf 86' lang='lat' dir='ltr'>ipsum</span> <span class='ocrx_word' id='word_1_646' title='bbox 2125 1622 2136 1640; x_wconf 91' lang='lat'>,</span> <span class='ocrx_word' id='word_1_647' title='bbox 2164 1601 2371 1645; x_wconf 75' lang='lat' dir='ltr'>tamquam&#39;</span> 
     </span>
     <span class='ocr_line' id='line_1_91' title="bbox 1260 1641 2364 1694; baseline 0.005 -16"><span class='ocrx_word' id='word_1_648' title='bbox 1260 1671 1286 1689; x_wconf 88' lang='lat'>„</span> <span class='ocrx_word' id='word_1_649' title='bbox 1316 1641 1365 1678; x_wconf 78' lang='lat' dir='ltr'>ab</span> <span class='ocrx_word' id='word_1_650' title='bbox 1395 1654 1471 1680; x_wconf 84' lang='lat' dir='ltr'>uno</span> <span class='ocrx_word' id='word_1_651' title='bbox 1515 1641 1739 1692; x_wconf 85' lang='lat' dir='ltr'>productore</span> <span class='ocrx_word' id='word_1_652' title='bbox 1781 1643 2010 1694; x_wconf 86' lang='lat' dir='ltr'>procedere.</span> <span class='ocrx_word' id='word_1_653' title='bbox 2055 1644 2182 1682; x_wconf 83' lang='lat' dir='ltr'>Multa</span> <span class='ocrx_word' id='word_1_654' title='bbox 2210 1646 2364 1684; x_wconf 43' lang='lat' dir='ltr'>Sancto„</span> 
     </span>
     <span class='ocr_line' id='line_1_92' title="bbox 1260 1693 2361 1747; baseline 0.006 -16"><span class='ocrx_word' id='word_1_655' title='bbox 1260 1724 1285 1742; x_wconf 86' lang='lat'><strong>„</strong></span> <span class='ocrx_word' id='word_1_656' title='bbox 1316 1704 1401 1731; x_wconf 84' lang='lat' dir='ltr'>rum</span> <span class='ocrx_word' id='word_1_657' title='bbox 1415 1725 1425 1742; x_wconf 86' lang='lat'>,</span> <span class='ocrx_word' id='word_1_658' title='bbox 1455 1693 1488 1730; x_wconf 72' lang='grc' dir='ltr'>δε</span> <span class='ocrx_word' id='word_1_659' title='bbox 1506 1695 1716 1732; x_wconf 83' lang='lat' dir='ltr'>Doctorum</span> <span class='ocrx_word' id='word_1_660' title='bbox 1734 1725 1743 1742; x_wconf 90' lang='lat'>,</span> <span class='ocrx_word' id='word_1_661' title='bbox 1775 1708 1845 1733; x_wconf 85' lang='lat' dir='ltr'>non</span> <span class='ocrx_word' id='word_1_662' title='bbox 1862 1705 2009 1735; x_wconf 88' lang='lat' dir='ltr'>tantum</span> <span class='ocrx_word' id='word_1_663' title='bbox 2029 1696 2337 1738; x_wconf 80' lang='lat' dir='ltr'>Occidentaiium</span> <span class='ocrx_word' id='word_1_664' title='bbox 2350 1731 2361 1747; x_wconf 84' lang='lat'>‚</span> 
     </span>
     <span class='ocr_line' id='line_1_93' title="bbox 1256 1746 2365 1803; baseline 0.006 -19"><span class='ocrx_word' id='word_1_665' title='bbox 1256 1773 1287 1796; x_wconf 45' lang='grc' dir='ltr'><em>Ἦ</em></span> <span class='ocrx_word' id='word_1_666' title='bbox 1316 1748 1379 1785; x_wconf 72' lang='lat' dir='ltr'>sed</span> <span class='ocrx_word' id='word_1_667' title='bbox 1399 1748 1522 1784; x_wconf 63' lang='lat' dir='ltr'>‘etiam</span> <span class='ocrx_word' id='word_1_668' title='bbox 1551 1746 1806 1786; x_wconf 79' lang='lat' dir='ltr'>Orientalium</span> <span class='ocrx_word' id='word_1_669' title='bbox 1823 1779 1833 1796; x_wconf 94' lang='lat'>,</span> <span class='ocrx_word' id='word_1_670' title='bbox 1853 1798 1857 1800; x_wconf 17' lang='grc' dir='ltr'><strong><em>γ</em></strong></span> <span class='ocrx_word' id='word_1_671' title='bbox 1878 1749 1911 1786; x_wconf 70' lang='grc'>8(</span> <span class='ocrx_word' id='word_1_672' title='bbox 1940 1760 2152 1789; x_wconf 87' lang='lat' dir='ltr'>nostrorum</span> <span class='ocrx_word' id='word_1_673' title='bbox 2182 1754 2365 1803; x_wconf 74' lang='lat' dir='ltr'>producta</span> 
     </span>
     <span class='ocr_line' id='line_1_94' title="bbox 1260 1800 2366 1851; baseline 0.006 -14"><span class='ocrx_word' id='word_1_674' title='bbox 1260 1829 1286 1848; x_wconf 89' lang='lat'><strong>„</strong></span> <span class='ocrx_word' id='word_1_675' title='bbox 1313 1809 1400 1838; x_wconf 75' lang='lat' dir='ltr'>&#39;sunt</span> <span class='ocrx_word' id='word_1_676' title='bbox 1430 1801 1641 1838; x_wconf 80' lang='lat' dir='ltr'>testimonia</span> <span class='ocrx_word' id='word_1_677' title='bbox 1671 1800 1741 1839; x_wconf 88' lang='lat' dir='ltr'>hoc</span> <span class='ocrx_word' id='word_1_678' title='bbox 1764 1801 2027 1851; x_wconf 77' lang='lat' dir='ltr'>significantia</span> <span class='ocrx_word' id='word_1_679' title='bbox 2044 1831 2055 1842; x_wconf 85' lang='lat'><strong>.</strong></span> <span class='ocrx_word' id='word_1_680' title='bbox 2085 1800 2223 1843; x_wconf 72' lang='lat' dir='ltr'>Multis</span> <span class='ocrx_word' id='word_1_681' title='bbox 2243 1816 2366 1844; x_wconf 86' lang='lat' dir='ltr'>osten-</span> 
     </span>
     <span class='ocr_line' id='line_1_95' title="bbox 1261 1854 2367 1905; baseline 0.006 -16"><span class='ocrx_word' id='word_1_682' title='bbox 1261 1883 1286 1901; x_wconf 82' lang='lat'><strong>„</strong></span> <span class='ocrx_word' id='word_1_683' title='bbox 1315 1865 1400 1890; x_wconf 84' lang='lat' dir='ltr'>sum</span> <span class='ocrx_word' id='word_1_684' title='bbox 1430 1862 1480 1889; x_wconf 86' lang='lat' dir='ltr'>est</span> <span class='ocrx_word' id='word_1_685' title='bbox 1521 1854 1888 1891; x_wconf 82' lang='lat' dir='ltr'>considerationibus</span> <span class='ocrx_word' id='word_1_686' title='bbox 1906 1881 1916 1891; x_wconf 92' lang='lat'>.</span> <span class='ocrx_word' id='word_1_687' title='bbox 1959 1855 2064 1893; x_wconf 81' lang='lat' dir='ltr'>Num</span> <span class='ocrx_word' id='word_1_688' title='bbox 2092 1858 2195 1894; x_wconf 87' lang='lat' dir='ltr'>enim</span> <span class='ocrx_word' id='word_1_689' title='bbox 2214 1888 2224 1905; x_wconf 87' lang='lat'>,</span> <span class='ocrx_word' id='word_1_690' title='bbox 2273 1859 2367 1896; x_wconf 45' lang='lat' dir='ltr'>Fra„</span> 
     </span>
     <span class='ocr_line' id='line_1_96' title="bbox 1262 1904 2367 1956; baseline 0.008 -15"><span class='ocrx_word' id='word_1_691' title='bbox 1262 1934 1288 1953; x_wconf 88' lang='lat'>„</span> <span class='ocrx_word' id='word_1_692' title='bbox 1317 1914 1416 1951; x_wconf 91' lang='lat' dir='ltr'>tres,</span> <span class='ocrx_word' id='word_1_693' title='bbox 1447 1904 1709 1956; x_wconf 80' lang='lat' dir='ltr'>negligenter,</span> <span class='ocrx_word' id='word_1_694' title='bbox 1752 1919 1845 1942; x_wconf 89' lang='lat' dir='ltr'>num</span> <span class='ocrx_word' id='word_1_695' title='bbox 1877 1907 2000 1944; x_wconf 82' lang='lat' dir='ltr'>obiter</span> <span class='ocrx_word' id='word_1_696' title='bbox 2029 1909 2132 1946; x_wconf 84' lang='lat' dir='ltr'>circa</span> <span class='ocrx_word' id='word_1_697' title='bbox 2161 1920 2241 1948; x_wconf 89' lang='lat' dir='ltr'>rem</span> <span class='ocrx_word' id='word_1_698' title='bbox 2272 1914 2367 1950; x_wconf 85' lang='lat' dir='ltr'>tanti</span> 
     </span>
     <span class='ocr_line' id='line_1_97' title="bbox 1263 1957 2366 2014; baseline 0.009 -21"><span class='ocrx_word' id='word_1_699' title='bbox 1263 1987 1289 2007; x_wconf 77' lang='lat'>„</span> <span class='ocrx_word' id='word_1_700' title='bbox 1320 1958 1494 2009; x_wconf 74' lang='lat' dir='ltr'>ponderis</span> <span class='ocrx_word' id='word_1_701' title='bbox 1509 1971 1574 1995; x_wconf 88' lang='lat' dir='ltr'>nos</span> <span class='ocrx_word' id='word_1_702' title='bbox 1595 1957 1878 1997; x_wconf 68' lang='lat' dir='ltr'>exhibuimus?</span> <span class='ocrx_word' id='word_1_703' title='bbox 1908 1959 2076 1998; x_wconf 81' lang='lat' dir='ltr'>Multum</span> <span class='ocrx_word' id='word_1_704' title='bbox 2099 1962 2366 2014; x_wconf 71' lang='lat' dir='ltr'>vigilavimus,</span> 
     </span>
     <span class='ocr_line' id='line_1_98' title="bbox 1262 2010 2367 2061; baseline 0.007 -13"><span class='ocrx_word' id='word_1_705' title='bbox 1262 2041 1287 2060; x_wconf 88' lang='lat'>„</span> <span class='ocrx_word' id='word_1_706' title='bbox 1318 2011 1482 2061; x_wconf 80' lang='lat' dir='ltr'>multum</span> <span class='ocrx_word' id='word_1_707' title='bbox 1498 2010 1674 2058; x_wconf 84' lang='lat' dir='ltr'>solliciti,</span> <span class='ocrx_word' id='word_1_708' title='bbox 1705 2019 1747 2047; x_wconf 87' lang='lat' dir='ltr'>ut</span> <span class='ocrx_word' id='word_1_709' title='bbox 1766 2012 1895 2060; x_wconf 86' lang='lat' dir='ltr'>scitis,</span> <span class='ocrx_word' id='word_1_710' title='bbox 1925 2013 2094 2052; x_wconf 86' lang='lat' dir='ltr'>fuimus.</span> <span class='ocrx_word' id='word_1_711' title='bbox 2123 2015 2269 2054; x_wconf 87' lang='lat' dir='ltr'>Verum</span> <span class='ocrx_word' id='word_1_712' title='bbox 2287 2032 2367 2056; x_wconf 83' lang='lat' dir='ltr'>ces-</span> 
     </span>
     <span class='ocr_line' id='line_1_99' title="bbox 1262 2062 2366 2113; baseline 0.007 -13"><span class='ocrx_word' id='word_1_713' title='bbox 1262 2093 1288 2113; x_wconf 88' lang='lat'><strong>„</strong></span> <span class='ocrx_word' id='word_1_714' title='bbox 1319 2066 1436 2101; x_wconf 84' lang='lat' dir='ltr'>simus</span> <span class='ocrx_word' id='word_1_715' title='bbox 1459 2065 1632 2111; x_wconf 85' lang='lat' dir='ltr'>veritati,</span> <span class='ocrx_word' id='word_1_716' title='bbox 1662 2062 1790 2101; x_wconf 84' lang='lat' dir='ltr'>locum</span> <span class='ocrx_word' id='word_1_717' title='bbox 1812 2064 1987 2103; x_wconf 83' lang='lat' dir='ltr'>dedimus</span> <span class='ocrx_word' id='word_1_718' title='bbox 2003 2066 2253 2107; x_wconf 71' lang='lat' dir='ltr'>Ductoribus.</span> <span class='ocrx_word' id='word_1_719' title='bbox 2286 2070 2366 2108; x_wconf 81' lang='lat' dir='ltr'>Ab-</span> 
     </span>
     <span class='ocr_line' id='line_1_100' title="bbox 1261 2113 2363 2168; baseline 0.005 -14"><span class='ocrx_word' id='word_1_720' title='bbox 1261 2146 1288 2166; x_wconf 84' lang='lat'>„</span> <span class='ocrx_word' id='word_1_721' title='bbox 1317 2118 1361 2154; x_wconf 88' lang='lat' dir='ltr'>sit</span> <span class='ocrx_word' id='word_1_722' title='bbox 1391 2117 1494 2153; x_wconf 87' lang='lat' dir='ltr'>enim</span> <span class='ocrx_word' id='word_1_723' title='bbox 1512 2145 1522 2163; x_wconf 85' lang='lat'>,</span> <span class='ocrx_word' id='word_1_724' title='bbox 1555 2124 1592 2153; x_wconf 89' lang='lat' dir='ltr'>ut</span> <span class='ocrx_word' id='word_1_725' title='bbox 1620 2117 1770 2154; x_wconf 83' lang='lat' dir='ltr'>&#39;animus</span> <span class='ocrx_word' id='word_1_726' title='bbox 1801 2117 1971 2168; x_wconf 87' lang='lat' dir='ltr'>probus,</span> <span class='ocrx_word' id='word_1_727' title='bbox 2002 2113 2035 2155; x_wconf 68' lang='grc'>8(</span> <span class='ocrx_word' id='word_1_728' title='bbox 2055 2119 2294 2160; x_wconf 79' lang='lat' dir='ltr'>Christianus</span> <span class='ocrx_word' id='word_1_729' title='bbox 2321 2137 2363 2160; x_wconf 90' lang='lat' dir='ltr'>o-</span> 
     </span>
     <span class='ocr_line' id='line_1_101' title="bbox 1259 2168 2364 2218; baseline 0.008 -13"><span class='ocrx_word' id='word_1_730' title='bbox 1259 2194 1289 2218; x_wconf 34' lang='lat' dir='ltr'>v„</span> <span class='ocrx_word' id='word_1_731' title='bbox 1320 2179 1450 2207; x_wconf 84' lang='lat' dir='ltr'>stensae</span> <span class='ocrx_word' id='word_1_732' title='bbox 1482 2170 1630 2207; x_wconf 86' lang='lat' dir='ltr'>veritati</span> <span class='ocrx_word' id='word_1_733' title='bbox 1659 2168 1812 2207; x_wconf 79' lang='lat' dir='ltr'>claudat</span> <span class='ocrx_word' id='word_1_734' title='bbox 1839 2171 1996 2209; x_wconf 83' lang='lat' dir='ltr'>oculos·</span> <span class='ocrx_word' id='word_1_735' title='bbox 2018 2175 2044 2193; x_wconf 69' lang='lat'>‘⁶</span> <span class='ocrx_word' id='word_1_736' title='bbox 2074 2173 2117 2210; x_wconf 85' lang='lat' dir='ltr'>In</span> <span class='ocrx_word' id='word_1_737' title='bbox 2148 2173 2206 2211; x_wconf 89' lang='lat' dir='ltr'>his</span> <span class='ocrx_word' id='word_1_738' title='bbox 2236 2185 2364 2214; x_wconf 88' lang='lat' dir='ltr'>autem</span> 
     </span>
     <span class='ocr_line' id='line_1_102' title="bbox 1261 2223 2367 2274; baseline 0.007 -14"><span class='ocrx_word' id='word_1_739' title='bbox 1261 2223 1580 2274; x_wconf 80' lang='lat' dir='ltr'>disputationibus</span> <span class='ocrx_word' id='word_1_740' title='bbox 1635 2223 1842 2261; x_wconf 83' lang='lat' dir='ltr'>admodum</span> <span class='ocrx_word' id='word_1_741' title='bbox 1894 2224 2153 2264; x_wconf 82' lang='lat' dir='ltr'>inclaruerunt</span> <span class='ocrx_word' id='word_1_742' title='bbox 2196 2227 2367 2268; x_wconf 81' lang='lat' dir='ltr'>Andreas</span> 
     </span>
     <span class='ocr_line' id='line_1_103' title="bbox 1263 2274 2366 2329; baseline 0.007 -17"><span class='ocrx_word' id='word_1_743' title='bbox 1263 2275 1453 2324; x_wconf 77' lang='lat' dir='ltr'>Rhodius,</span> <span class='ocrx_word' id='word_1_744' title='bbox 1481 2276 1643 2314; x_wconf 87' lang='lat' dir='ltr'>Joannes</span> <span class='ocrx_word' id='word_1_745' title='bbox 1671 2290 1693 2314; x_wconf 83' lang='lat' dir='ltr'>a</span> <span class='ocrx_word' id='word_1_746' title='bbox 1714 2274 1846 2314; x_wconf 85' lang='lat' dir='ltr'>Monte</span> <span class='ocrx_word' id='word_1_747' title='bbox 1868 2279 1984 2329; x_wconf 81' lang='lat' dir='ltr'>nigro</span> <span class='ocrx_word' id='word_1_748' title='bbox 2005 2308 2015 2326; x_wconf 88' lang='lat'>,</span> <span class='ocrx_word' id='word_1_749' title='bbox 2043 2279 2206 2318; x_wconf 83' lang='lat' dir='ltr'>Joannes</span> <span class='ocrx_word' id='word_1_750' title='bbox 2225 2296 2246 2319; x_wconf 88' lang='lat' dir='ltr'>a</span> <span class='ocrx_word' id='word_1_751' title='bbox 2263 2283 2366 2320; x_wconf 86' lang='lat' dir='ltr'>Tur-</span> 
     </span>
     <span class='ocr_line' id='line_1_104' title="bbox 1260 2329 2364 2388; baseline 0.005 -21"><span class='ocrx_word' id='word_1_752' title='bbox 1260 2343 1300 2367; x_wconf 88' lang='lat' dir='ltr'>re</span> <span class='ocrx_word' id='word_1_753' title='bbox 1328 2338 1524 2377; x_wconf 80' lang='lat' dir='ltr'>cremata,</span> <span class='ocrx_word' id='word_1_754' title='bbox 1567 2338 1639 2367; x_wconf 86' lang='lat' dir='ltr'>tres</span> <span class='ocrx_word' id='word_1_755' title='bbox 1682 2330 1844 2380; x_wconf 81' lang='lat' dir='ltr'>insignes</span> <span class='ocrx_word' id='word_1_756' title='bbox 1874 2329 2122 2370; x_wconf 76' lang='lat' dir='ltr'>Dominicani</span> <span class='ocrx_word' id='word_1_757' title='bbox 2152 2332 2364 2388; x_wconf 85' lang='lat' dir='ltr'>Theologi‚</span> 
     </span>
     <span class='ocr_line' id='line_1_105' title="bbox 1260 2381 2365 2436; baseline 0.005 -16"><span class='ocrx_word' id='word_1_758' title='bbox 1260 2385 1328 2435; x_wconf 87' lang='lat' dir='ltr'>qui</span> <span class='ocrx_word' id='word_1_759' title='bbox 1357 2384 1566 2422; x_wconf 72' lang='lat' dir='ltr'>acutissimi</span> <span class='ocrx_word' id='word_1_760' title='bbox 1595 2382 1722 2421; x_wconf 85' lang='lat' dir='ltr'>Marci</span> <span class='ocrx_word' id='word_1_761' title='bbox 1751 2381 1910 2434; x_wconf 88' lang='lat' dir='ltr'>Ephesii</span> <span class='ocrx_word' id='word_1_762' title='bbox 1939 2384 2170 2436; x_wconf 82' lang='lat' dir='ltr'>sophismata</span> <span class='ocrx_word' id='word_1_763' title='bbox 2194 2394 2271 2426; x_wconf 80' lang='lat' dir='ltr'>‘uon</span> <span class='ocrx_word' id='word_1_764' title='bbox 2300 2390 2365 2426; x_wconf 89' lang='lat' dir='ltr'>de-</span> 
     </span>
     <span class='ocr_line' id='line_1_106' title="bbox 1261 2436 2364 2493; baseline 0.005 -18"><span class='ocrx_word' id='word_1_765' title='bbox 1261 2445 1430 2475; x_wconf 75' lang='lat' dir='ltr'>texerunt</span> <span class='ocrx_word' id='word_1_766' title='bbox 1461 2437 1592 2484; x_wconf 83' lang='lat' dir='ltr'>modo,</span> <span class='ocrx_word' id='word_1_767' title='bbox 1622 2436 1684 2474; x_wconf 83' lang='lat' dir='ltr'>sed</span> <span class='ocrx_word' id='word_1_768' title='bbox 1705 2436 1744 2473; x_wconf 87' lang='lat' dir='ltr'>in</span> <span class='ocrx_word' id='word_1_769' title='bbox 1763 2436 1962 2488; x_wconf 86' lang='lat' dir='ltr'>pulverem</span> <span class='ocrx_word' id='word_1_770' title='bbox 1993 2437 2106 2488; x_wconf 80' lang='lat' dir='ltr'>plane</span> <span class='ocrx_word' id='word_1_771' title='bbox 2123 2440 2364 2493; x_wconf 82' lang='lat' dir='ltr'>redegerunt.</span> 
     </span>
    </p>

    <p class='ocr_par' dir='ltr' id='par_1_12' title="bbox 1258 2489 2366 3022">
     <span class='ocr_line' id='line_1_107' title="bbox 1317 2489 2364 2546; baseline 0.005 -18"><span class='ocrx_word' id='word_1_772' title='bbox 1317 2490 1407 2535; x_wconf 71' lang='lat'>254.</span> <span class='ocrx_word' id='word_1_773' title='bbox 1438 2489 1584 2539; x_wconf 78' lang='lat' dir='ltr'>Objic&#39;it</span> <span class='ocrx_word' id='word_1_774' title='bbox 1602 2497 1786 2541; x_wconf 67' lang='lat' dir='ltr'>praeterea</span> <span class='ocrx_word' id='word_1_775' title='bbox 1803 2489 2056 2542; x_wconf 82' lang='lat' dir='ltr'>Theophanes</span> <span class='ocrx_word' id='word_1_776' title='bbox 2076 2491 2364 2546; x_wconf 86' lang='lat' dir='ltr'>Procopovvic&#39;z,</span> 
     </span>
     <span class='ocr_line' id='line_1_108' title="bbox 1259 2541 2366 2596; baseline 0.005 -15"><span class='ocrx_word' id='word_1_777' title='bbox 1259 2543 1459 2596; x_wconf 81' lang='lat' dir='ltr'>Synodum</span> <span class='ocrx_word' id='word_1_778' title='bbox 1490 2541 1753 2582; x_wconf 71' lang='lat' dir='ltr'>Florenti&#39;nam</span> <span class='ocrx_word' id='word_1_779' title='bbox 1776 2555 1852 2581; x_wconf 72' lang='lat' dir='ltr'>&#39;nec</span> <span class='ocrx_word' id='word_1_780' title='bbox 1881 2546 2172 2593; x_wconf 84' lang='lat' dir='ltr'>convocatione,</span> <span class='ocrx_word' id='word_1_781' title='bbox 2203 2556 2274 2586; x_wconf 84' lang='lat' dir='ltr'>nec</span> <span class='ocrx_word' id='word_1_782' title='bbox 2303 2562 2366 2586; x_wconf 88' lang='lat' dir='ltr'>ce-</span> 
     </span>
     <span class='ocr_line' id='line_1_109' title="bbox 1258 2597 2365 2649; baseline 0.005 -15"><span class='ocrx_word' id='word_1_783' title='bbox 1258 2597 1495 2644; x_wconf 76' lang='lat' dir='ltr'>lebratione,</span> <span class='ocrx_word' id='word_1_784' title='bbox 1528 2610 1650 2648; x_wconf 72' lang='lat' dir='ltr'>neque</span> <span class='ocrx_word' id='word_1_785' title='bbox 1680 2598 1780 2634; x_wconf 84' lang='lat' dir='ltr'>exitu</span> <span class='ocrx_word' id='word_1_786' title='bbox 1812 2598 1925 2634; x_wconf 68' lang='lat' dir='ltr'>fuisse</span> <span class='ocrx_word' id='word_1_787' title='bbox 1963 2601 2270 2649; x_wconf 79' lang='lat' dir='ltr'>oecumenicam,</span> <span class='ocrx_word' id='word_1_788' title='bbox 2301 2611 2365 2640; x_wconf 86' lang='lat' dir='ltr'>aut</span> 
     </span>
     <span class='ocr_line' id='line_1_110' title="bbox 1259 2649 2366 2706; baseline 0.005 -19"><span class='ocrx_word' id='word_1_789' title='bbox 1259 2651 1470 2701; x_wconf 69' lang='lat' dir='ltr'>legitimam</span> <span class='ocrx_word' id='word_1_790' title='bbox 1489 2675 1499 2686; x_wconf 90' lang='lat'><strong>.</strong></span> <span class='ocrx_word' id='word_1_791' title='bbox 1535 2649 1619 2687; x_wconf 66' lang='lat' dir='ltr'>*Nou</span> <span class='ocrx_word' id='word_1_792' title='bbox 1650 2653 1965 2694; x_wconf 75' lang='lat' dir='ltr'>convocatione;</span> <span class='ocrx_word' id='word_1_793' title='bbox 2007 2665 2094 2689; x_wconf 87' lang='lat' dir='ltr'>nam</span> <span class='ocrx_word' id='word_1_794' title='bbox 2125 2665 2168 2689; x_wconf 90' lang='lat' dir='ltr'>eo</span> <span class='ocrx_word' id='word_1_795' title='bbox 2195 2662 2366 2706; x_wconf 84' lang='lat' dir='ltr'>tempore</span> 
     </span>
     <span class='ocr_line' id='line_1_111' title="bbox 1259 2702 2364 2758; baseline 0.004 -17"><span class='ocrx_word' id='word_1_796' title='bbox 1259 2703 1526 2741; x_wconf 80' lang='lat' dir='ltr'>celebrabatur</span> <span class='ocrx_word' id='word_1_797' title='bbox 1553 2702 1730 2754; x_wconf 81' lang='lat' dir='ltr'>Synodns</span> <span class='ocrx_word' id='word_1_798' title='bbox 1760 2703 2011 2752; x_wconf 76' lang='lat' dir='ltr'>Basileensis‚</span> <span class='ocrx_word' id='word_1_799' title='bbox 2041 2706 2088 2742; x_wconf 84' lang='lat' dir='ltr'>ad</span> <span class='ocrx_word' id='word_1_800' title='bbox 2126 2716 2243 2758; x_wconf 82' lang='lat' dir='ltr'>quam</span> <span class='ocrx_word' id='word_1_801' title='bbox 2282 2709 2364 2745; x_wconf 79' lang='lat' dir='ltr'>fue-</span> 
     </span>
     <span class='ocr_line' id='line_1_112' title="bbox 1261 2752 2366 2808; baseline 0.005 -14"><span class='ocrx_word' id='word_1_802' title='bbox 1261 2767 1342 2795; x_wconf 85' lang='lat' dir='ltr'>rant</span> <span class='ocrx_word' id='word_1_803' title='bbox 1372 2757 1501 2794; x_wconf 82' lang='lat' dir='ltr'>Graeci</span> <span class='ocrx_word' id='word_1_804' title='bbox 1530 2756 1710 2804; x_wconf 79' lang='lat' dir='ltr'>invitati,</span> <span class='ocrx_word' id='word_1_805' title='bbox 1748 2756 1782 2792; x_wconf 84' lang='lat'>&amp;</span> <span class='ocrx_word' id='word_1_806' title='bbox 1810 2765 1928 2808; x_wconf 80' lang='lat' dir='ltr'>quam</span> <span class='ocrx_word' id='word_1_807' title='bbox 1960 2756 2132 2796; x_wconf 82' lang='lat' dir='ltr'>Pontifex</span> <span class='ocrx_word' id='word_1_808' title='bbox 2161 2752 2366 2799; x_wconf 82' lang='lat' dir='ltr'>dissolvere</span> 
     </span>
     <span class='ocr_line' id='line_1_113' title="bbox 1262 2806 2365 2861; baseline 0.005 -13"><span class='ocrx_word' id='word_1_809' title='bbox 1262 2823 1337 2848; x_wconf 90' lang='lat' dir='ltr'>non</span> <span class='ocrx_word' id='word_1_810' title='bbox 1368 2818 1536 2861; x_wconf 83' lang='lat' dir='ltr'>poterat,</span> <span class='ocrx_word' id='word_1_811' title='bbox 1568 2818 1766 2861; x_wconf 83' lang='lat' dir='ltr'>postquam</span> <span class='ocrx_word' id='word_1_812' title='bbox 1797 2810 2017 2849; x_wconf 76' lang='lat' dir='ltr'>Sess.V1H.</span> <span class='ocrx_word' id='word_1_813' title='bbox 2047 2806 2225 2850; x_wconf 86' lang='lat' dir='ltr'>omnibus</span> <span class='ocrx_word' id='word_1_814' title='bbox 2253 2813 2365 2860; x_wconf 71' lang='lat' dir='ltr'>&#39;cuiu-</span> 
     </span>
     <span class='ocr_line' id='line_1_114' title="bbox 1263 2861 2364 2917; baseline 0.004 -16"><span class='ocrx_word' id='word_1_815' title='bbox 1263 2877 1446 2914; x_wconf 83' lang='lat' dir='ltr'>scumque</span> <span class='ocrx_word' id='word_1_816' title='bbox 1476 2872 1615 2910; x_wconf 79' lang='lat' dir='ltr'>status,</span> <span class='ocrx_word' id='word_1_817' title='bbox 1658 2871 1722 2900; x_wconf 83' lang='lat' dir='ltr'>aut</span> <span class='ocrx_word' id='word_1_818' title='bbox 1759 2862 1979 2914; x_wconf 77' lang='lat' dir='ltr'>dignitatis,</span> <span class='ocrx_word' id='word_1_819' title='bbox 2022 2869 2147 2902; x_wconf 68' lang='lat' dir='ltr'>ellam</span> <span class='ocrx_word' id='word_1_820' title='bbox 2179 2861 2364 2917; x_wconf 62' lang='lat' dir='ltr'>Ptzptzlis,</span> 
     </span>
     <span class='ocr_line' id='line_1_115' title="bbox 1264 2915 2366 2968; baseline 0.004 -14"><span class='ocrx_word' id='word_1_821' title='bbox 1264 2916 1487 2968; x_wconf 60' lang='lat' dir='ltr'>Imperialis</span> <span class='ocrx_word' id='word_1_822' title='bbox 1508 2946 1518 2963; x_wconf 90' lang='lat'>,</span> <span class='ocrx_word' id='word_1_823' title='bbox 1549 2916 1606 2953; x_wconf 67' lang='lat' dir='ltr'>vel</span> <span class='ocrx_word' id='word_1_824' title='bbox 1634 2915 1799 2968; x_wconf 77' lang='lat' dir='ltr'>Regalis</span> <span class='ocrx_word' id='word_1_825' title='bbox 1820 2946 1830 2964; x_wconf 91' lang='lat'>,</span> <span class='ocrx_word' id='word_1_826' title='bbox 1859 2918 2018 2955; x_wconf 77' lang='lat' dir='ltr'>‘vetitum</span> <span class='ocrx_word' id='word_1_827' title='bbox 2050 2918 2205 2967; x_wconf 72' lang='lat' dir='ltr'>fuerat,</span> <span class='ocrx_word' id='word_1_828' title='bbox 2235 2921 2366 2958; x_wconf 74' lang='lat' dir='ltr'>aliam</span> 
     </span>
     <span class='ocr_line' id='line_1_116' title="bbox 1261 2968 2366 3022; baseline 0.005 -15"><span class='ocrx_word' id='word_1_829' title='bbox 1261 2973 1615 3022; x_wconf 60' lang='lat' dir='ltr'>‘congregationem</span> <span class='ocrx_word' id='word_1_830' title='bbox 1663 2968 1731 3006; x_wconf 79' lang='lat' dir='ltr'>sub</span> <span class='ocrx_word' id='word_1_831' title='bbox 1765 2973 1928 3007; x_wconf 75' lang='lat' dir='ltr'>nomine</span> <span class='ocrx_word' id='word_1_832' title='bbox 1969 2972 2171 3022; x_wconf 72' lang='lat' dir='ltr'>generalis</span> <span class='ocrx_word' id='word_1_833' title='bbox 2200 2971 2366 3012; x_wconf 69' lang='lat' dir='ltr'>&#39;Conciliz&#39;</span> 
     </span>
    </p>
   </div>
   <div class='ocr_carea' id='block_1_8' title="bbox 1250 3023 2366 3075">
    <p class='ocr_par' dir='ltr' id='par_1_13' title="bbox 1250 3023 2366 3075">
     <span class='ocr_line' id='line_1_117' title="bbox 1250 3023 2366 3075; baseline 0.004 -15"><span class='ocrx_word' id='word_1_834' title='bbox 1250 3023 1401 3075; x_wconf 68' lang='lat' dir='ltr'>facere</span> <span class='ocrx_word' id='word_1_835' title='bbox 1421 3053 1432 3070; x_wconf 83' lang='lat'>,</span> <span class='ocrx_word' id='word_1_836' title='bbox 1460 3032 1532 3060; x_wconf 76' lang='lat' dir='ltr'>aut</span> <span class='ocrx_word' id='word_1_837' title='bbox 1561 3035 1808 3074; x_wconf 70' lang='lat' dir='ltr'>congregare</span> <span class='ocrx_word' id='word_1_838' title='bbox 1832 3038 1843 3067; x_wconf 82' lang='grc'>,-</span> <span class='ocrx_word' id='word_1_839' title='bbox 1886 3024 1988 3075; x_wconf 81' lang='lat' dir='ltr'>quod</span> <span class='ocrx_word' id='word_1_840' title='bbox 2019 3024 2158 3062; x_wconf 79' lang='lat' dir='ltr'>iterum</span> <span class='ocrx_word' id='word_1_841' title='bbox 2185 3028 2366 3065; x_wconf 80' lang='lat' dir='ltr'>&#39;constitu-</span> 
     </span>
    </p>
   </div>
   <div class='ocr_carea' id='block_1_9' title="bbox 1261 3075 2364 3448">
    <p class='ocr_par' dir='ltr' id='par_1_14' title="bbox 1261 3075 2364 3448">
     <span class='ocr_line' id='line_1_118' title="bbox 1264 3075 2364 3132; baseline 0.005 -19"><span class='ocrx_word' id='word_1_842' title='bbox 1264 3086 1345 3113; x_wconf 86' lang='lat' dir='ltr'>tum</span> <span class='ocrx_word' id='word_1_843' title='bbox 1376 3079 1495 3114; x_wconf 75' lang='lat' dir='ltr'>iuerat</span> <span class='ocrx_word' id='word_1_844' title='bbox 1524 3075 1620 3113; x_wconf 79' lang='lat' dir='ltr'>Sess.</span> <span class='ocrx_word' id='word_1_845' title='bbox 1643 3076 1713 3113; x_wconf 79' lang='lat' dir='ltr'>XI.</span> <span class='ocrx_word' id='word_1_846' title='bbox 1732 3106 1742 3123; x_wconf 95' lang='lat'>,</span> <span class='ocrx_word' id='word_1_847' title='bbox 1784 3090 1878 3128; x_wconf 80' lang='lat' dir='ltr'>quas</span> <span class='ocrx_word' id='word_1_848' title='bbox 1908 3075 2255 3124; x_wconf 55' lang='lat' dir='ltr'>mnbassessi‘ones</span> <span class='ocrx_word' id='word_1_849' title='bbox 2285 3081 2364 3132; x_wconf 85' lang='lat' dir='ltr'>ipse</span> 
     </span>
     <span class='ocr_line' id='line_1_119' title="bbox 1262 3129 2361 3183; baseline 0.003 -16"><span class='ocrx_word' id='word_1_850' title='bbox 1262 3130 1457 3181; x_wconf 80' lang='lat' dir='ltr'>Eugenius</span> <span class='ocrx_word' id='word_1_851' title='bbox 1485 3129 1658 3166; x_wconf 80' lang='lat' dir='ltr'>Pontifex</span> <span class='ocrx_word' id='word_1_852' title='bbox 1688 3129 1983 3169; x_wconf 76' lang='lat' dir='ltr'>confirmaverat</span> <span class='ocrx_word' id='word_1_853' title='bbox 2001 3155 2011 3167; x_wconf 85' lang='grc'><strong>.</strong></span> <span class='ocrx_word' id='word_1_854' title='bbox 2052 3130 2138 3169; x_wconf 83' lang='lat' dir='ltr'>Non</span> <span class='ocrx_word' id='word_1_855' title='bbox 2169 3132 2241 3169; x_wconf 83' lang='lat' dir='ltr'>fuit</span> <span class='ocrx_word' id='word_1_856' title='bbox 2270 3133 2361 3183; x_wconf 74' lang='lat' dir='ltr'>legi-</span> 
     </span>
     <span class='ocr_line' id='line_1_120' title="bbox 1261 3181 2361 3226; baseline 0.002 -6"><span class='ocrx_word' id='word_1_857' title='bbox 1261 3185 1354 3221; x_wconf 81' lang='lat' dir='ltr'>tima</span> <span class='ocrx_word' id='word_1_858' title='bbox 1381 3181 1679 3226; x_wconf 71' lang='lat' dir='ltr'>·celebr‹ztione;</span> <span class='ocrx_word' id='word_1_859' title='bbox 1716 3183 1746 3219; x_wconf 88' lang='lat' dir='ltr'>si</span> <span class='ocrx_word' id='word_1_860' title='bbox 1776 3183 1879 3220; x_wconf 87' lang='lat' dir='ltr'>enim</span> <span class='ocrx_word' id='word_1_861' title='bbox 1906 3184 2036 3220; x_wconf 84' lang='lat' dir='ltr'>omnia</span> <span class='ocrx_word' id='word_1_862' title='bbox 2065 3183 2171 3222; x_wconf 89' lang='lat' dir='ltr'>illius</span> <span class='ocrx_word' id='word_1_863' title='bbox 2199 3195 2280 3223; x_wconf 83' lang='lat' dir='ltr'>acta</span> <span class='ocrx_word' id='word_1_864' title='bbox 2309 3186 2361 3222; x_wconf 79' lang='lat' dir='ltr'>le-</span> 
     </span>
     <span class='ocr_line' id='line_1_121' title="bbox 1261 3236 2361 3288; baseline 0.001 -14"><span class='ocrx_word' id='word_1_865' title='bbox 1261 3245 1420 3288; x_wconf 83' lang='lat' dir='ltr'>gantur,</span> <span class='ocrx_word' id='word_1_866' title='bbox 1450 3236 1599 3273; x_wconf 84' lang='lat' dir='ltr'>nonuisi</span> <span class='ocrx_word' id='word_1_867' title='bbox 1630 3236 1733 3273; x_wconf 87' lang='lat' dir='ltr'>inani</span> <span class='ocrx_word' id='word_1_868' title='bbox 1763 3236 1970 3273; x_wconf 85' lang='lat' dir='ltr'>verborum</span> <span class='ocrx_word' id='word_1_869' title='bbox 1998 3239 2182 3288; x_wconf 81' lang='lat' dir='ltr'>strepitu,</span> <span class='ocrx_word' id='word_1_870' title='bbox 2220 3239 2361 3288; x_wconf 87' lang='lat' dir='ltr'>captio-</span> 
     </span>
     <span class='ocr_line' id='line_1_122' title="bbox 1261 3284 2361 3341; baseline -0.001 -14"><span class='ocrx_word' id='word_1_871' title='bbox 1261 3292 1311 3327; x_wconf 83' lang='lat' dir='ltr'>sis</span> <span class='ocrx_word' id='word_1_872' title='bbox 1354 3290 1613 3341; x_wconf 77' lang='lat' dir='ltr'>argumentis,</span> <span class='ocrx_word' id='word_1_873' title='bbox 1655 3288 1688 3324; x_wconf 76' lang='lat'>8&lt;</span> <span class='ocrx_word' id='word_1_874' title='bbox 1719 3284 2014 3340; x_wconf 82' lang='lat' dir='ltr'>sophismatibus</span> <span class='ocrx_word' id='word_1_875' title='bbox 2052 3291 2089 3328; x_wconf 84' lang='lat' dir='ltr'>in</span> <span class='ocrx_word' id='word_1_876' title='bbox 2117 3305 2160 3327; x_wconf 87' lang='lat' dir='ltr'>ea</span> <span class='ocrx_word' id='word_1_877' title='bbox 2194 3291 2361 3341; x_wconf 78' lang='lat' dir='ltr'>disputa-</span> 
     </span>
     <span class='ocr_line' id='line_1_123' title="bbox 1263 3340 2362 3394; baseline 0 -12"><span class='ocrx_word' id='word_1_878' title='bbox 1263 3350 1373 3392; x_wconf 73' lang='lat' dir='ltr'>tum,</span> <span class='ocrx_word' id='word_1_879' title='bbox 1416 3340 1450 3378; x_wconf 75' lang='lat'>8&lt;</span> <span class='ocrx_word' id='word_1_880' title='bbox 1479 3350 1688 3394; x_wconf 79' lang='lat' dir='ltr'>pugnatum</span> <span class='ocrx_word' id='word_1_881' title='bbox 1719 3342 1831 3381; x_wconf 77' lang='lat' dir='ltr'>fuisse</span> <span class='ocrx_word' id='word_1_882' title='bbox 1860 3344 2124 3391; x_wconf 77' lang='lat' dir='ltr'>inveniemus,</span> <span class='ocrx_word' id='word_1_883' title='bbox 2167 3343 2261 3394; x_wconf 80' lang='lat' dir='ltr'>quin</span> <span class='ocrx_word' id='word_1_884' title='bbox 2291 3343 2362 3382; x_wconf 82' lang='lat' dir='ltr'>ali-</span> 
     </span>
     <span class='ocr_line' id='line_1_124' title="bbox 2213 3397 2306 3448; baseline 0.011 -16"><span class='ocrx_word' id='word_1_885' title='bbox 2213 3397 2306 3448; x_wconf 77' lang='lat' dir='ltr'>quid</span> 
     </span>
    </p>
   </div>
  </div>
 </body>
</html>
