2577 3633
318 102 401 145 2¹15

237 189 397 231 ‘propter
439 182 637 227 peccatum
673 171 886 225 originale.
934 173 1165 224 Quanquam
1203 174 1352 213 etiamsi

243 232 401 281 seposito
429 235 582 280 peccato
619 227 796 279 originali
838 226 1014 264 voluisset
1042 226 1146 263 Deus
1176 235 1244 277 pro
1285 240 1351 264 suo

240 283 400 320 arbitrio
429 281 678 332 permittere,
712 290 751 318 ut
779 279 901 332 aliqui
931 279 1101 316 homines
1142 293 1164 316 a
1193 279 1268 319 fine
1297 294 1350 317 ae-

239 343 357 373 ternae
386 334 634 372 beatitudinis
662 334 893 380 deficerent,
928 332 1250 383 quemadmodum
1279 348 1348 373 sua

236 387 314 426 sola
343 387 466 426 libera
496 386 687 425 voluntate
717 387 906 439 permisit,
937 394 987 422 tot
1017 384 1179 436 Angelos
1207 386 1344 425 defice-

236 454 304 488 re,
333 440 444 478 nulla
472 441 511 477 in
540 453 583 478 eo
613 439 796 491 injustitia
825 439 939 485 foret,
971 437 1005 474 8<
1034 451 1108 476 una
1135 452 1224 477 cum
1242 441 1343 491 Apo-

235 493 328 532 stolo
356 493 561 532 dicendum
591 502 703 530 esset:
753 491 790 529 O
819 490 961 538 homo,
991 500 1032 528 tu
1060 494 1144 541 quis
1173 504 1235 540 es,
1278 497 1343 544 qui

235 546 476 598 respondeas
502 545 632 583 Deo?
659 543 863 595 Numquid
891 543 983 582 dicit
998 544 1249 622 3figmentum
1278 550 1341 594 ei,

235 605 298 651 qui
327 614 369 638 se
387 600 538 652 finxit,
568 597 658 649 quid
688 611 752 635 me
768 597 910 650 fecisti
927 601 1000 636 Sic.
1045 612 1134 637 eum
1157 600 1221 648 iis,
1251 613 1340 653 quae

227 663 442 706 sequuntur
461 679 471 689 .

288 707 377 758 294.
408 705 526 743 Alteri
547 705 756 742 testimonio
770 717 821 741 ex
841 703 1108 742 Ecclesiastico
1127 718 1223 758 resp.
1237 735 1246 753 ,
1277 719 1341 745 ve-

231 773 272 797 re
300 771 522 810 supremum
543 757 616 795 Dei
645 759 819 796 creatoris
847 757 1060 796 dominium
1080 771 1194 810 super
1212 773 1338 797 omnes

231 820 422 850 creaturas
450 824 527 848 esse
556 812 746 862 primam,
789 811 823 847 St
851 810 1212 850 sufficientissimam
1248 825 1337 850 cau-

229 879 309 903 sam
323 895 334 913 ,
364 878 431 902 cur
447 866 659 917 permiserit
679 864 827 917 aliquos
841 873 919 903 tam
936 864 1168 916 Angelorum
1181 895 1191 912 ,
1219 879 1336 916 quam

228 917 430 956 hominum
460 916 621 955 deficere
650 933 673 956 a
700 918 779 956 fine
809 927 958 955 aeternae
987 919 1256 965 beatitudinis,
1287 919 1336 955 ad

227 985 344 1024 quem
372 980 479 1010 erant
507 971 693 1019 ordinati,
741 972 842 1024 quod
877 972 1031 1024 proprie
1073 981 1125 1009 est
1154 975 1334 1022 negative

222 1037 288 1062 eos
317 1025 546 1078 reprobare.
575 1025 672 1062 Cum
704 1024 774 1062 hoe
802 1034 928 1063 tamen
952 1033 1068 1076 potest
1096 1034 1219 1062 nostra
1247 1038 1331 1061 sen-

222 1079 340 1116 tentia
370 1078 483 1116 facile
511 1078 735 1126 conci'liari3
765 1087 804 1115 ut
831 1079 1156 1129 quemadmodum
1184 1078 1331 1129 praede-

227 1133 377 1169 stinatio
419 1130 624 1169 electorum
661 1132 708 1169 ad
737 1131 900 1182 gloriam
941 1140 1061 1168 nostro
1096 1131 1330 1182 intelligendi

225 1185 338 1222 modo
366 1185 467 1222 facta
496 1197 570 1222 non
599 1192 677 1232 est,
705 1185 781 1222 nisi
809 1193 889 1236 post
903 1185 1111 1236 praevisum
1134 1193 1331 1233 peccatum

226 1237 429 1288 originale,
475 1237 508 1273 δε
537 1246 617 1289 post
658 1238 797 1276 factam
825 1237 912 1274 Jesu
940 1237 1081 1275 Christi
1122 1237 1331 1276 Servatoris

221 1291 341 1328 nostri
359 1291 746 1342 praedestinationem,
766 1292 817 1328 ita
833 1290 866 1325 8(
887 1290 1117 1341 reprobati0:
1148 1289 1181 1325 8<
1196 1304 1330 1342 quem·

225 1344 432 1381 admodum
463 1344 739 1394 praedestinatio
766 1343 970 1380 rectissime
1013 1351 1207 1393 propterea
1235 1343 1330 1380 dici-

223 1405 284 1434 tur
312 1397 470 1445 gratuita
494 1394 674 1433 liberat-io
702 1410 724 1432 a
752 1409 873 1432 massa
903 1395 1151 1446 perditionis,
1189 1397 1242 1432 ita
1271 1408 1329 1431 re-

223 1448 399 1500 probatio
429 1456 480 1485 est
508 1447 608 1498 justa
630 1447 831 1485 derelictio
873 1448 913 1484 in
943 1447 1075 1484 eadem
1105 1461 1247 1492 inassa3
1277 1456 1331 1484 at-

212 1515 294 1553 ·que
322 1501 373 1538 ita
401 1501 742 1553 praedestinationis
770 1513 867 1538 unus
885 1500 1081 1537 dumtaxat
1109 1508 1160 1537 est
1180 1499 1331 1548 titulus,

220 1554 362 1592 scilicet
390 1555 624 1592 immensitas
651 1554 794 1591 diviuae
824 1554 1118 1597 misericordiae3
1152 1552 1331 1605 reproba-

222 1608 332 1646 tionis
360 1617 486 1645 autem
530 1607 728 1646 hominum
757 1607 927 1658 duplex,
968 1620 1106 1658 nem-pe
1136 1606 1169 1642 8<
1199 1620 1331 1657 supre-

220 1675 330 1698 mum
358 1661 432 1698 Dei
460 1661 675 1699 dominium
694 1691 704 1708 ,
732 1673 816 1712 -quo
844 1660 966 1712 potnit
994 1661 1088 1698 citra
1119 1659 1240 1697 uliam
1270 1661 1330 1696 in-

222 1713 408 1765 iustitiam
466 1715 682 1761 ermittere,
723 1713 870 1764 aliquos
901 1712 1068 1750 homines
1104 1727 1126 1749 a
1154 1713 1233 1749 fine
1262 1725 1329 1750 suo

221 1768 405 1811 deficere3
496 1768 651 1816 insuper
678 1774 876 1815 peccatum
904 1764 1114 1814 originale,
1143 1777 1189 1800 ex
1217 1764 1329 1812 cujus

222 1820 363 1856 intuitu
392 1818 595 1868 justissime
625 1816 773 1867 aliquo-s
802 1816 850 1852 ab
881 1824 1020 1852 aeterua
1039 1815 1159 1866 gloria
1179 1815 1328 1865 rejecit:

223 1872 259 1908 8<
288 1885 376 1909 eum
406 1879 524 1922 posset
553 1881 620 1922 pro
649 1883 716 1907 sua
744 1869 1003 1906 misericordia
1030 1881 1160 1905 omnes
1188 1867 1330 1905 libera-

225 1939 266 1962 re
283 1954 293 1971 ,
323 1924 382 1962 vel
411 1937 482 1975 pro
509 1937 575 1960 sua
595 1922 737 1973 justitia
757 1935 886 1959 omnes
902 1920 1062 1971 rejicere
1078 1951 1088 1967 ‚
1118 1920 1197 1958 sola
1214 1921 1330 1972 ipsius

225 1977 413 2015 voluntate
444 1977 584 2014 factum
613 1983 684 2023 est,
716 1984 755 2012 ut
783 1988 853 2012 nec
880 1987 1010 2012 omnes
1039 1973 1233 2025 rejiceret,
1263 1987 1330 2012 nec

219 2043 356 2068 ‘omnes
385 2029 590 2067 liberaret.

281 2083 370 2134 295.
401 2081 475 2123 Ob.
507 2095 543 2123 2.
585 2080 625 2121 S.
657 2079 823 2123 Thomas
851 2080 883 2122 Ι.
909 2078 955 2118 Ρ.
984 2087 1122 2131 quaest.
1152 2079 1217 2120 25.
1257 2087 1329 2121 art.

277 2259 324 2293 (α)
355 2251 488 2286 ‘sextus
501 2261 550 2286 est
570 2250 944 2298 aliquanto'prolixior‚
956 2250 1100 2285 minime
1115 2260 1230 2285 tamen
1245 2260 1329 2297 prae-

221 2298 492 2340 'tex-mittendus,
525 2300 605 2344 quia
626 2299 921 2344 sapientissimum
950 2296 1075 2332 divinae
1102 2298 1328 2342 providentiae

224 2346 382 2381 ordinem
407 2346 550 2379 mirifice
576 2347 727 2390 explicat
743 2368 751 2376 ·
778 2367 803 2386 „
827 2346 881 2378 Ex
911 2344 983 2389 ipsa
1009 2345 1166 2378 bonitate
1186 2344 1328 2386 divina,

226 2415 252 2435 5,
278 2393 389 2437 inquit
417 2394 563 2426 Sanctus
590 2393 743 2431 Denter,
778 2392 868 2425 ratio
893 2391 984 2423 sumi
1010 2399 1122 2436 potest
1149 2390 1330 2435 praedesti-

223 2465 250 2485 υ
278 2439 427 2472 nationis
453 2439 509 2471 ali<
527 2450 676 2478 uorum,
712 2442 743 2470 ἃ
770 2437 1022 2482 reprobationis
1059 2438 1228 2470 aliorum.
1272 2438 1328 2471 Sic

225 2511 251 2530 „
277 2486 369 2518 enirn
388 2486 480 2518 Deus
505 2451 634 2517 dicitur
657 2486 773 2518 omnia
793 2493 933 2528 propter
951 2494 1050 2517 suam
1067 2482 1256 2517 bonitatem
1277 2484 1328 2516 fe-

224 2557 251 2576 „
277 2532 363 2565 cisse
379 2553 390 2572 ,
413 2539 452 2563 ut
480 2531 513 2563 in
534 2532 635 2564 rebus
653 2530 770 2564 divina
787 2531 927 2564 bonitas
946 2538 1231 2574 reprresentetur.
1258 2529 1328 2562 Ne-

224 2603 251 2622 „
278 2589 368 2611 cesse
402 2586 452 2610 est
479 2586 622 2618 autem,
660 2576 752 2621 quod
776 2575 895 2609 divina
918 2577 1084 2616 bonitas,
1119 2587 1195 2620 quae
1229 2576 1265 2608 in
1293 2588 1326 2609 se

225 2648 253 2667 „
276 2636 343 2656 una
358 2645 369 2663 ‚
394 2627 424 2655 ἃ
442 2624 580 2668 simple>
605 2646 616 2664 ‚
635 2623 904 2657 multiformiter
929 2631 1195 2667 repraesentetur
1220 2622 1254 2654 in
1272 2633 1328 2655 re-

225 2694 253 2713 „
279 2670 362 2708 bus,
388 2679 527 2713 prome-r
552 2670 616 2703 hoc
632 2691 642 2710 ,
678 2668 771 2714 qnod
797 2678 965 2702 creaturae
997 2668 1039 2702 ad
1067 2669 1327 2713 simplicitatem

224 2740 252 2760 „
279 2713 433 2748 divinam
460 2717 627 2760 attingere
648 2728 721 2750 'non
748 2724 914 2759 possunt.
956 2716 1001 2748 Et
1028 2713 1104 2748 inde
1128 2723 1204 2755 est,
1235 2713 1328 2759 quod

224 2787 252 2806 ‚,
276 2760 319 2793 ad
354 2762 618 2805 completionem
653 2762 806 2794 universi
841 2760 967 2806 gradus
993 2774 1140 2802 rerum,
1178 2772 1329 2805 quarum

225 2833 252 2851 υ
278 2806 436 2851 qnaedam
456 2808 564 2839 altum
579 2830 589 2847 ,
607 2811 639 2840 δε
656 2807 815 2852 quaedam
834 2808 991 2841 infimum
1012 2809 1127 2841 locum
1144 2816 1280 2840 teneant
1296 2807 1330 2838 in

225 2878 252 2898 ,‚
276 2854 459 2886 universo·
486 2855 594 2886 Et-ut
620 2855 882 2887 multiformitas
912 2853 1082 2897 graduum
1111 2861 1330 2888 conservetur

227 2925 255 2943 „
282 2901 316 2932 in
337 2900 460 2939 rebus,
483 2900 578 2932 'Deus
597 2900 769 2944 permittit
788 2901 903 2944 aliqua
917 2901 1009 2933 mala
1028 2901 1100 2933 fieri
1116 2922 1127 2941 ‚
1153 2911 1193 2933 ne
1217 2899 1330 2933 multa

228 2970 254 2988 „
279 2945 367 2978 bona
393 2945 648 2990 impediantur.
692 2946 748 2978 Sic
785 2946 891 2989 igitur
927 2946 1181 2979 consideremus
1220 2953 1331 2978 totum

229 3015 254 3034 ,‚
279 3002 382 3033 genus
407 2992 621 3032 burrianum,
653 2993 742 3025 sicut
768 3001 876 3025 totam
902 3004 1018 3025 rerum
1043 2993 1329 3025 universitatem.

229 3060 255 3079 ,‚
282 3037 400 3071 Voluit
426 3039 533 3081 igitur
562 3040 653 3071 Deus
679 3039 714 3070 in
742 3038 962 3078 horninibus,
1001 3047 1172 3082 (plantum
1199 3037 1240 3070 ad
1267 3038 1331 3070 ali-

230 3106 256 3125 „
282 3093 364 3125 quos
380 3105 389 3122 ,
415 3095 498 3127 quos
524 3084 747 3127 praedestinat
763 3106 773 3124 ,
799 3097 897 3117 suam
921 3095 1168 3128 repraesentare
1193 3084 1331 3118 honita-

232 3151 258 3171 υ
283 3136 351 3159 tem
378 3141 435 3169 per
461 3132 587 3162 modam
611 3132 853 3164 misericordia
879 3133 1068 3173 parcendo,
1104 3134 1135 3163 ὃς
1159 3139 1330 3175 quantum

232 3197 259 3216 ,„
285 3172 327 3205 ad
353 3175 508 3216 aliquos,
533 3188 617 3218 quos
642 3178 803 3220 reprobat
820 3199 829 3216 ‚
863 3189 923 3221 per
948 3179 1078 3210 modum
1101 3179 1248 3222 justitia
1272 3188 1332 3220 pu-

231 3243 257 3263 „
283 3220 405 3251 mendo
423 3241 430 3249 .
472 3221 515 3251 Et
540 3220 613 3253 lime
638 3231 687 3254 est
714 3224 828 3262 ratio,
852 3235 959 3267 quare
986 3224 1077 3256 Deus
1102 3222 1270 3267 quosdam
1293 3233 1331 3254 e·

234 3288 260 3307 „
286 3266 390 3308 legit,
420 3269 450 3296 ὃς
476 3265 643 3307 quosdam
669 3270 848 3310 reprobat.
875 3273 899 3292 “
919 3270 987 3302 Ubi
1014 3271 1240 3302 manifestum
1257 3276 1330 3308 est,

234 3313 276 3347 ab
295 3311 458 3356 Angelico
477 3311 625 3346 Doctore
650 3313 755 3346 simul
779 3326 859 3347 cum
875 3313 992 3348 divina
1016 3314 1234 3360 providentia
1250 3314 1331 3360 juu—

970 91 1376 139 -DISSERTATIO
1409 94 1486 140 VI.
1533 95 1660 139 CAP.
1689 90 1773 137 IX.

1421 177 1458 216 5.
1488 176 1620 223 docet,
1649 183 1690 211 ut
1718 171 2113 224 praedestinationem,
2150 174 2199 213 ita
2228 174 2263 212 ἃ
2291 176 2526 230 reprobatio.

1418 243 1506 267 nem
1537 241 1613 266 esse
1641 235 1800 278 partem
1830 225 1968 263 divinoe
2009 227 2289 278 providentioe:
2335 244 2409 270 non
2437 246 2525 285 ergo

1416 292 1468 321 est
1497 293 1601 320 actus
1628 281 1773 318 divinae
1801 277 1982 330 justitiae,
2013 288 2052 317 ut
2080 282 2176 320 facta
2197 284 2243 321 sit
2264 293 2415 337 propter
2433 300 2524 337 pec-

1415 345 1544 374 catum
1573 331 1756 384 originale
1773 357 1783 369 .
1831 330 2020 370 Praeterea
2047 332 2144 371 ibid.
2171 335 2304 385 docet,
2342 338 2524 390 reproba—

1413 390 1553 427 tionem
1583 385 1780 424 includere
1809 383 2039 425 voluntatem
2081 388 2323 437 permittendi
2351 391 2523 444 aliquem

1411 442 1544 480 cadere
1574 442 1613 478 in
1642 437 1797 490 culpam
1815 468 1826 487 ‚
1870 436 1904 473 8<
1932 437 2122 476 inferendi
2149 438 2403 483 damnationis
2440 459 2524 497 pm..

1410 508 1499 532 narn
1530 507 1596 546 pro
1625 491 1763 543 culpa:
1793 504 1880 542 ergo
1909 492 2109 544 permissio
2129 494 2275 542 peccati
2297 496 2527 547 originalis,

1409 548 1448 584 in
1477 549 1523 584 iis
1567 546 1832 598 potissimum,
1879 546 1948 596 qui
1979 554 2130 596 propter
2167 543 2267 584 illud
2303 546 2427 586 solum
2455 552 2521 590 da-

1408 607 1614 646 mnantur,
1661 606 1714 635 est
1743 597 1896 635 effectus
1933 597 2233 649 reprobationis,
2275 612 2351 638 non
2380 614 2521 642 causa·

1407 652 1576 690 Demum
1607 653 1644 689 in
1674 651 1705 689 Ι.
1749 651 1796 689 ad
1827 650 2091 688 Annibaldum
2119 651 2217 693 Dist.
2246 651 2313 697 41.
2355 668 2423 706 qu.
2454 668 2521 694 un.

1405 714 1477 743 art.
1509 706 1546 745 5.
1595 702 1745 743 nullam
1772 702 1891 742 aliam
1921 703 2196 755 reprobationis
2224 718 2378 744 causam
2408 720 2522 759 agno—

1405 759 1475 796 scit
1490 788 1501 807 ,
1531 772 1648 810 quam
1677 757 1780 810 quod
1808 757 1918 795 salus
1938 755 2106 795 hominis
2125 770 2206 795 non
2226 762 2276 797 sit
2295 757 2424 798 debita
2445 773 2520 799 na.-

1406 820 1507 850 turae
1535 812 1755 849 humanae.

1462 865 1552 917 296.
1584 864 1695 917 Resp.
1726 864 1773 903 ad
1803 864 1972 916 primum
1991 893 2001 912 ,
2044 862 2354 915 reprobationem
2397 865 2520 906 homi-

1404 933 1524 966 num,
1553 919 1650 956 sicut
1678 917 1711 954 ἃ
1735 917 1989 969 Angelorum,
2021 918 2151 968 utique
2173 931 2250 956 esse
2269 917 2412 957 divinae
2432 932 2530 971 pro·r

1401 972 1578 1010 videntiae
1594 980 1743 1016 actum3
1773 970 1843 1009 hoc
1861 979 1986 1008 tamen
2002 972 2161 1008 minime
2181 971 2392 1024 impedire,
2420 974 2518 1025 quin

1398 1027 1526 1076 prima
1556 1026 1655 1063 facta
1683 1027 1728 1062 sit
1759 1024 1899 1062 intuitu
1929 1025 2075 1075 peccati
2104 1024 2300 1076 originalis
2318 1051 2328 1062 .
2359 1026 2458 1064 Cum
2477 1039 2517 1063 e-

1398 1080 1481 1116 nim
1524 1087 1600 1117 tota
1630 1077 1827 1116 hominum
1873 1079 2070 1129 progenies
2112 1087 2204 1116 esset
2241 1079 2517 1129 protoparentis

1397 1129 1485 1169 labe
1514 1133 1645 1171 vitiata
1661 1161 1672 1179 ,
1702 1139 1854 1182 totaque
1882 1139 2002 1182 posset
2022 1139 2163 1168 aeterna
2182 1129 2304 1181 gloria
2324 1129 2419 1181 juste
2437 1133 2515 1184 pri-

1398 1185 1481 1222 vari
1496 1214 1516 1235 ³..
1551 1182 1692 1223 divinae
1723 1183 1970 1234 providentiae
2000 1183 2094 1231 fuit,
2138 1192 2178 1221 ut
2207 1182 2330 1235 aliqui
2360 1185 2514 1223 miseri-

1399 1237 1621 1275 cordissima
1651 1237 1725 1274 Dei
1755 1237 1919 1274 bonitate
1949 1235 1999 1274 ab
2037 1235 2109 1274 hac
2151 1237 2347 1274 communi
2389 1247 2515 1276 conta-

1398 1293 1507 1341 gione
1536 1290 1819 1335 liberarentur,
1849 1288 1938 1325 aliis
1966 1290 2005 1326 in
2035 1303 2078 1327 ea
2099 1288 2268 1334 relictis;
2297 1289 2332 1325 &
2360 1290 2414 1328 sic
2433 1290 2516 1342 glo-

1397 1345 1456 1379 ria
1486 1342 1558 1379 Dei
1588 1345 1628 1380 in
1659 1343 1854 1392 utriusque
1882 1340 2030 1378 diverso
2071 1341 2184 1378 modo
2212 1340 2517 1391 splendesceret.

1398 1394 1510 1441 Quod
1540 1395 1667 1432 Sanct.
1697 1393 1839 1431 Doctor
1869 1391 2035 1430 mirifice
2063 1392 2231 1444 explicat
2259 1394 2369 1432 artic.
2399 1395 2438 1432 5.
2466 1396 2517 1433 ad

1402 1446 1439 1484 5.
1471 1447 1563 1498 (a).-

1457 1513 1548 1551 297.
1579 1499 1668 1539 Diei
1697 1500 1811 1538 etiam
1841 1507 1960 1551 potest
1991 1500 2029 1537 in
2059 1499 2231 1538 doctrina
2271 1498 2442 1551 ejusdem
2471 1498 2515 1540 S.

1401 1552 1586 1601 Thomae,
1615 1553 1719 1606 quod
1747 1555 1925 1606 quamvis
1946 1552 2164 1605 reprobatio
2185 1553 2223 1590 iu
2252 1566 2289 1591 se
2306 1583 2318 1601 ,
2347 1553 2382 1590 &
2401 1566 2515 1605 gene-

1399 1605 1531 1644 raliter
1559 1615 1748 1658 spectata,
1777 1607 1824 1644 sit
1853 1615 1956 1644 actus
1985 1606 2128 1644 divinae
2158 1606 2406 1657 providentiae
2424 1637 2435 1655 ,
2464 1606 2516 1646 ad.

1397 1674 1515 1712 quam
1545 1661 1734 1712 pertinet,
1762 1662 1814 1696 'ut
1843 1659 1965 1712 aliqui
1995 1672 2040 1697 ex
2070 1658 2234 1697 naturali
2261 1672 2330 1698 sua
2357 1660 2514 1698 defecti-

1397 1712 1546 1751 bilitate
1573 1729 1596 1751 a
1624 1713 1701 1751 fine
1729 1712 1804 1750 sibi
1832 1713 2044 1764 praestituto
2072 1712 2279 1760 deficiant,
2309 1713 2409 1750 unde
2436 1721 2515 1752 tota

1398 1766 1494 1801 tatio
1515 1765 1787 1814 reprobationis
1805 1763 2039 1816 Angelorum
2070 1766 2233 1816 pendet,
2264 1767 2301 1802 in
2332 1767 2515 1816 reproba-

1397 1816 1499 1852 tione
1529 1824 1654 1853 tamen
1683 1815 1914 1863 hominum,
1956 1830 2045 1868 quae
2075 1818 2155 1853 sine
2185 1816 2304 1853 dubio
2333 1818 2432 1856 facta
2459 1826 2513 1858 est

1396 1876 1479 1920 post
1508 1869 1732 1920 permissam
1762 1868 1872 1906 totius
1901 1868 2060 1909 humani
2090 1870 2238 1919 generis
2269 1869 2510 1922 depravatio-

1397 1934 1483 1958 nem
1502 1951 1512 1968 ,
1544 1930 1681 1972 praeter
1709 1930 1836 1959 actum
1857 1921 1999 1961 divinae
2031 1922 2304 1974 providentiae,
2335 1924 2510 1963 invenia-

1400 1981 1460 2011 tur
1489 1975 1601 2012 etiam
1631 1983 1736 2013 actus
1763 1974 1908 2014 divinae
1952 1975 2107 2027 justitiae
2137 1977 2329 2028 punientis
2357 1976 2510 2028 aliquos

1399 2036 1550 2079 propter
1580 2036 1778 2079 peccatum
1795 2058 1805 2076 ,
1837 2029 2161 2079 quemadmodum
2191 2029 2232 2068 in
2260 2029 2346 2069 aliis
2374 2031 2508 2071 divina.

1397 2080 1658 2122 misericordia
1687 2080 1900 2134 resplendet
1925 2081 2116 2135 parcendo
2147 2080 2231 2134 (b).

2358 2136 2455 2188 298.

1396 2252 1429 2297 gi
1455 2250 1796 2297 praedestinationem
1812 2263 1873 2296 per
1898 2253 2028 2287 modum
2046 2253 2292 2286 misericordia
2308 2255 2480 2296 parcendo
2494 2276 2508 2295 ,

1396 2300 1518 2343 utique
1544 2300 1610 2339 iis,
1647 2299 1707 2344 qui
1733 2312 1774 2332 ex
1801 2308 1944 2343 peccato
1967 2299 2114 2344 originis
2149 2299 2250 2332 venia
2280 2297 2508 2343 indigebant,

1399 2348 1431 2377 &
1456 2345 1735 2389 reprobationem
1755 2358 1821 2390 per
1844 2347 1974 2380 modum
1992 2347 2142 2394 justitiae
2165 2347 2335 2390 puniendo
2360 2356 2424 2390 per
2447 2344 2508 2379 de·

1395 2391 1615 2425 relictionem
1631 2415 1640 2424 .

1442 2439 1488 2477 (b)
1514 2438 1611 2471 Hanc
1629 2437 1735 2472 etiam
1754 2438 2013 2483 responsionem
2038 2438 2193 2472 insinuat
2212 2437 2329 2471 Sanct.
2350 2437 2508 2472 Thomas

1396 2491 1462 2516 art.
1483 2494 1514 2516 2.
1541 2484 1601 2517 ubi
1621 2496 1701 2518 cum
1720 2482 1785 2518 sibi
1805 2484 2011 2529 objecisset,
2038 2485 2188 2528 Angelos
2205 2484 2312 2518 bonos
2334 2495 2399 2517 non
2420 2485 2508 2525 fuis·-

1396 2542 1431 2562 se
1457 2529 1744 2574 praedestinatos‚
1769 2531 1852 2575 quia
1880 2530 2167 2575 praedestinatio,
2204 2542 2283 2564 cum
2309 2530 2354 2563 sit
2380 2541 2507 2575 propo-

1396 2577 1505 2610 situm
1528 2576 1718 2610 miserendi
1734 2599 1745 2617 ,
1775 2578 1939 2622 supponit
1964 2578 2000 2610 in
2025 2575 2281 2622 praedestinatis
2306 2580 2479 2610 miseriam
2494 2597 2506 2616 ,

1394 2624 1508 2665 qualis
1528 2632 1619 2656 certe
1646 2624 1681 2656 in
1699 2624 1842 2667 Angelis
1867 2636 1936 2657 non
1953 2624 2019 2657 fuit
2033 2645 2046 2663 ‚
2073 2623 2122 2656 ita
2140 2622 2182 2656 ad
2202 2623 2345 2657 tertium
2365 2633 2508 2665 respon-

1395 2667 1475 2701 det:
1518 2666 1762 2703 Praedestinari
1788 2674 1946 2704 convenit
1973 2671 2145 2714 AngeliS,
2181 2673 2270 2703 sicut
2293 2672 2335 2702 (φ’
2359 2669 2507 2701 homini-

1396 2715 1453 2747 bus
1470 2737 1481 2755 ,
1505 2718 1591 2749 licet
1609 2730 1769 2761 nunqnam
1784 2716 1926 2759 fuerint
1949 2720 2089 2750 miseri.
2114 2715 2206 2749 Nam
2225 2723 2331 2748 motus
2357 2726 2420 2746 non
2446 2726 2506 2747 ac-

1398 2765 1485 2803 cipit
1504 2767 1649 2805 speciem
1666 2777 1686 2796 a
1705 2767 1847 2796 termino
1861 2785 1872 2804 ,
1891 2776 1911 2796 a
1927 2776 1989 2807 <7110
2004 2785 2015 2803 ‚
2034 2764 2127 2795 seda
2146 2765 2310 2799 termino,
2327 2761 2372 2792 ad
2389 2772 2480 2804 quem
2494 2775 2505 2792 .-

1399 2808 1488 2840 nihil
1515 2814 1603 2841 enim
1628 2809 1763 2852 refert,
1799 2818 1952 2852 qnantum
1975 2810 2021 2842 ad
2046 2811 2210 2841 rationem
2242 2807 2474 2839 dealbationis
2493 2829 2504 2847 ‚

1399 2861 1505 2885 urrum-
1529 2857 1616 2895 ille,
1643 2860 1697 2899 qni
1724 2856 1922 2895 dealbatur,
1950 2855 2067 2897 fuerit
2091 2856 2212 2896 niger,
2248 2860 2305 2885 aut
2327 2853 2479 2895 pallidus
2494 2874 2507 2894 ,

1399 2908 1455 2932 aut
1482 2901 1622 2933 rubeus.
1654 2901 1703 2934 Et
1731 2903 1895 2934 similiter
1918 2901 2010 2933 nihil
2034 2899 2141 2942 refert
2166 2899 2212 2930 ad
2237 2902 2400 2931 rationem
2423 2911 2506 2942 prae-

1398 2947 1646 2980 destinationis
1670 2956 1776 2981 utrum
1795 2949 1921 2990 aliquis
1945 2947 2204 2989 praedastirzetnr
2225 2948 2261 2977 in
2286 2949 2385 2977 vitam
2410 2954 2508 2978 aeter-

1399 3004 1496 3031 nam,
1521 3006 1541 3025 a
1566 3002 1655 3026 statu
1679 2996 1824 3026 miseric?
1839 3014 1850 3032 ,
1877 2994 1928 3025 vel
1954 3004 2017 3023 non
2032 3013 2040 3022 .
2079 2990 2240 3035 Quamvis
2264 2993 2339 3024 dici
2365 2995 2504 3034 possit,

1400 3039 1486 3081 quod
1510 3044 1619 3072 omnis
1645 3043 1787 3074 collatio
1813 3040 1891 3070 boni
1918 3050 2016 3080 supra
2041 3038 2188 3070 debitum
2213 3037 2313 3082 ejus}
2342 3041 2396 3070 cui
2422 3050 2503 3070 con-

1390 3084 1509 3127 fertur
1528 3106 1538 3123 ,
1557 3088 1602 3118 ad
1620 3087 1892 3118 misericordiam
1908 3088 2078 3124 pertinent
2091 3106 2099 3114 .
2125 3084 2295 3127 Quamvis
2313 3095 2396 3127 ergo
2413 3095 2503 3127 prae-

1399 3129 1587 3164 destinatio
1620 3133 1827 3175 generaliter
1853 3139 2015 3173 accepta,
2048 3134 2078 3162 ὃ(
2103 3139 2141 3163 ut
2175 3130 2210 3162 in
2235 3130 2378 3174 Angelis
2408 3130 2502 3163 facta

1397 3184 1472 3215 est,
1500 3187 1564 3208 non
1584 3176 1738 3211 includat
1765 3175 2005 3210 liberationem
2032 3189 2051 3209 a
2076 3177 2216 3209 miseria
2232 3198 2243 3216 ,
2268 3174 2426 3210 eamdem
2450 3184 2503 3208 ta-

1399 3233 1477 3254 men
1504 3223 1695 3256 certissime
1722 3221 1892 3262 includit,
1918 3220 2054 3265 quando
2077 3223 2194 3267 agitur
2211 3222 2252 3255 de
2277 3220 2500 3266 praedestina-

1399 3268 1492 3302 tione
1518 3267 1669 3302 hominis
1696 3269 1809 3313 lapsi5
1837 3269 1885 3302 ita
1910 3269 2072 3303 similiter
2098 3269 2297 3314 reprobatio
2321 3272 2383 3302 &c-
