2577 3633
236 160 326 188 ‘200

175 227 284 262 inter
312 232 408 267 ens,
437 218 486 258 (²9⁴
514 229 595 254 non
624 228 695 253 ens
722 214 809 256 ἕψε.
826 244 837 264 ,
867 211 1043 252 videlicet
1073 214 1169 250 inter
1199 226 1278 249 ma-

175 279 312 314 teriam
330 282 514 310 creatam
531 300 541 319 ‚
571 270 603 306 ἃ
621 270 745 307 Deum
763 270 970 306 increatum
986 295 996 314 ,
1016 266 1114 303 inter
1131 265 1256 302 Deum
1269 293 1279 312 ,

180 330 247 379 qui
276 334 329 364 est
358 340 421 363 ens
450 339 472 361 a
495 337 565 371 se,
595 322 629 358 ἃ
654 321 847 369 nihilum,
877 320 977 358 unde
1006 320 1104 356 facta
1132 327 1222 355 sunt
1241 330 1282 354 0-

178 382 306 417 mnia.
335 379 395 416 Ex
425 390 501 429 quo
528 376 606 414 solo
634 376 843 413 testimonio
871 374 1010 412 cadunt
1038 385 1166 408 omnes
1194 383 1281 409 con·

176 432 337 485 jecturae
365 430 685 475 'Beausobrianae3
722 437 834 481 atque
862 425 1073 465 luculenter
1101 432 1282 476 apparet,

174 488 220 524 rin
248 500 291 523 eo
318 493 463 523 tantum
494 484 652 535 positam
694 496 771 519 esse
799 480 1121 532 comparationem
1151 476 1283 529 figuli,

178 549 218 576 ut
245 537 567 592 quemadmodum
596 535 731 573 artifex
751 534 988 586 quicumque
1008 532 1142 568 merito
1160 531 1284 568 omni-

178 591 251 630 bus
280 594 357 630 suis
385 590 564 644 operibus
593 588 704 639 longe
733 588 963 639 praefertur,
993 587 1044 623 ita
1072 597 1283 636 congruum

174 647 249 693 sit,
280 646 406 683 Deum
435 642 613 682 omnibus
628 641 811 680 creaturis
825 640 931 691 longe
946 639 1146 691 anteponi,
1176 650 1283 674 eum-

176 713 252 751 que
283 699 403 736 solum
433 697 580 734 adorari
599 721 614 732 .

233 753 297 791 53.
327 751 438 797 Quod
467 752 497 788 si
526 747 673 786 alicubi
701 747 974 786 subobscurius
993 744 1097 797 loqui
1114 743 1283 789 videtur,

172 819 247 844 nec
276 806 446 843 materiae
476 804 704 841 creationem
735 801 970 853 apertissime
998 798 1199 844 confiteri,
1247 796 1286 833 id

175 859 294 906 facit,
338 857 402 897 vel
431 858 523 909 quia
551 855 592 892 id
621 854 703 906 ejus
733 867 866 906 scopus
894 853 1054 891 minime
1083 849 1285 903 poscebat3

175 910 239 949 vel
268 921 308 948 ut
338 911 448 948 modo
468 908 992 961 loquendiadversariorum,
1022 918 1115 956 quos
1135 900 1284 940 demul-

176 978 261 1003 cere
288 965 484 1011 studebat,
514 962 639 1014 quoad
665 961 753 999 fieri
784 962 929 1013 posset,
958 973 996 997 se
1025 955 1287 995 accommoda-

174 1028 230 1056 ret
247 1045 258 1056 .
287 1018 386 1056 Nam
403 1030 446 1054 ex
465 1016 533 1052 hoc
550 1044 560 1063 ,
576 1015 676 1067 quod
693 1014 849 1052 Ethnici
866 1011 1139 1057 concedebant,
1162 1009 1288 1046 Deum

175 1073 352 1110 materiae
380 1070 543 1108 informi
573 1068 874 1120 aspectabilem,
921 1065 955 1102 ἃ
985 1063 1287 1117 pulcherrimam

170 1124 275 1163 -hanc
305 1125 438 1162 mundi
468 1123 606 1160 faciem
634 1121 840 1167 indidisse,
869 1119 1003 1157 efficax
1031 1116 1192 1155 ducebat
1221 1114 1288 1151 ille

176 1187 468 1230 argumentum,
511 1176 638 1214 Deum
669 1174 790 1212 solum
821 1187 897 1211 esse
927 1171 1032 1210 cultu
1074 1179 1198 1208 nostro
1227 1168 1285 1205 di-

173 1246 315 1283 gnum,
346 1231 502 1281 indigua
531 1238 658 1266 autem
687 1228 819 1265 eodem
848 1225 953 1263 cultu
983 1238 1059 1262 esse
1088 1235 1286 1275 quascum-

174 1299 250 1337 que
280 1300 301 1322 a
330 1285 413 1322 Deo
441 1283 541 1320 facta
569 1289 702 1319 erant.
849 1302 852 1305 ·

229 1338 293 1387 54.
322 1336 529 1375 Clementis
558 1334 843 1386 Hypotyposes
871 1331 920 1368 ab
958 1329 1146 1367 haeretieis
1175 1327 1286 1379 longe

174 1399 259 1429 ante
288 1399 457 1441 tempora
487 1386 609 1425 Photii
639 1387 814 1433 vitiatas,
844 1397 956 1422 nemo
985 1391 1060 1430 est,
1089 1382 1157 1434 qui
1179 1382 1284 1432 igno-

170 1452 227 1482 ret
245 1470 253 1481 .
285 1443 364 1480 Nec
395 1440 548 1479 Photius
577 1441 657 1492 ipse
687 1440 725 1477 id
754 1439 967 1490 ignoravit,
997 1437 1065 1488 qui
1094 1435 1225 1472 eodem
1246 1434 1284 1472 in

170 1496 256 1534 loco
284 1495 405 1533 multa
436 1495 473 1531 in
503 1496 550 1533 iis
577 1494 764 1532 contineri
793 1490 1047 1543 blasphema,
1076 1497 1189 1540 atque
1217 1487 1285 1526 ab-

170 1551 287 1588 surda
314 1549 516 1595 observat,
553 1546 603 1585 ab
633 1547 765 1585 eodem
793 1544 989 1583 Clemente
1025 1544 1065 1580 iu
1095 1541 1180 1580 aliis
1208 1541 1287 1579 suis

171 1602 284 1642 libris
315 1603 475 1640 refutata
491 1627 502 1639 .
531 1599 718 1638 Praeterea
738 1598 927 1638 Eusebius
950 1595 1120 1634 materiae
1142 1597 1286 1632 increa-

171 1667 225 1695 tae
256 1657 501 1709 impugnator
528 1656 767 1701 acerrimus,
808 1652 900 1689 dum
932 1650 970 1688 in
1007 1664 1075 1686 sua
1105 1648 1287 1686 Historia

173 1709 289 1748 Eccl.
323 1709 411 1747 Lib.
441 1708 509 1746 VJ.
540 1722 625 1759 cap.
656 1708 724 1747 VI.
753 1720 840 1757 cap.
875 1717 935 1742 11.
970 1701 1287 1755 Hypotyposeon

146 1797 149 1799 .
173 1763 379 1801 Clementis
408 1762 639 1799 mentionem
669 1774 760 1799 cum
782 1758 894 1796 laude
914 1757 1031 1804 facit,
1058 1758 1148 1794 satis
1176 1768 1286 1806 aper-

173 1826 211 1855 te
239 1815 452 1867 significat,
495 1812 717 1865 hujusmodi
747 1825 914 1850 errorem
944 1812 984 1848 in
1014 1810 1059 1847 iis
1089 1822 1162 1846 non
1194 1809 1287 1845 exti-

173 1871 261 1907 tisse
280 1895 290 1906 0
335 1867 468 1919 Aliqui
498 1876 658 1918 putant,
687 1868 802 1903 fuisse
830 1878 853 1901 a
880 1863 1073 1901 Clemente
1101 1861 1286 1899 creditam

174 1922 377 1961 materiam
409 1929 618 1965 aeternam,
649 1926 815 1955 creatam
843 1924 970 1952 tamen
1000 1927 1022 1949 a
1052 1914 1156 1950 Deo:
1197 1926 1286 1963 quae

175 1975 356 2013 sententia
384 1972 475 2010 licet
504 1970 690 2017 absurda,
720 1969 887 2019 dogmati
915 1975 1043 2004 tamen
1072 1965 1287 2003 Christiano

173 2029 222 2066 de
251 2028 438 2065 creatione
465 2036 595 2061 rerum
617 2035 662 2059 ex
683 2020 805 2059 nihilo
819 2019 1034 2057 nullatenus
1053 2019 1260 2068 opponitur
1276 2042 1287 2053 .

228 2081 295 2118 55.
325 2076 487 2116 Nullum
503 2084 631 2112 autem
651 2074 760 2112 nobis
776 2073 970 2124 negotium
987 2071 1156 2116 facessit,
1186 2068 1289 2120 quod

175 2133 351 2173 Clemens
377 2132 420 2168 tin
450 2129 538 2167 Lib.
561 2128 610 2166 V.
640 2127 891 2165 stromatum
912 2123 1100 2161 Heracliti
1128 2122 1289 2173 Ephesii

173 2200 344 2225 errorem
374 2185 419 2221 de
449 2183 610 2220 materia
639 2183 807 2219 increata
833 2191 910 2216 non
939 2176 1110 2220 refellat;
1140 2188 1228 2213 cum
1250 2174 1289 2211 id

176 2242 225 2278 ad
253 2239 335 2291 ejus
364 2237 576 2274 institutum
596 2236 759 2272 minime
787 2233 1013 2285 pertinere13
1043 2243 1086 2266 eo
1115 2229 1217 2266 enim
1247 2228 1289 2265 in

176 2295 262 2332 loco
292 2291 477 2330 sollicitus
504 2297 650 2326 tantum
680 2296 782 2335 erat,
826 2295 866 2323 ut
893 2284 1126 2330 ostenderet,
1164 2280 1289 2333 plera-

175 2361 252 2400 que
282 2360 303 2383 a
332 2341 570 2394 Philosophis
599 2341 773 2379 Ethnicis
802 2339 917 2377 >fuisse
945 2350 990 2374 ex
1020 2337 1152 2374 uostris
1174 2334 1289 2373 sacris

176 2400 291 2439 libris
319 2398 570 2449 deprompta,
608 2408 652 2432 ac
681 2396 778 2432 inter
806 2392 882 2430 alia
912 2392 1081 2429 futuram
1110 2387 1289 2439 aliquan·

176 2455 229 2492 do
256 2451 389 2490 ¹mundi
419 2449 726 2487 restaurationem
755 2459 822 2499 per
851 2447 978 2497 ignem
997 2470 1007 2481 .
1050 2442 1132 2480 Hoc
1161 2449 1290 2477 autem

182 2516 223 2544 ut
252 2505 428 2558 probaret
455 2502 632 2540 Clemens
649 2532 659 2549 ‚
697 2499 819 2538 attulit
847 2498 1072 2536 senteutiam
1103 2493 1291 2532 Heracliti

178 2559 380 2611 duplicem
408 2556 598 2594 mundum
619 2553 911 2605 distinguentis3
940 2557 1137 2589 contentus
1165 2556 1292 2585 autem

178 2628 227 2650 ea
255 2621 386 2664 parte,
415 2623 503 2661 quae
531 2622 625 2646 -vera
653 2616 730 2655 est,
765 2605 907 2645 scilicet
936 2604 1127 2642 mundum
1158 2601 1290 2638 visibi-

180 2666 262 2704 lem
290 2679 367 2703 esse
396 2661 706 2714 conflagrandum
723 2690 736 2707 ,
783 2658 941 2697 alteram
971 2658 1017 2695 de
1046 2655 1207 2694 materia
1236 2655 1293 2691 in-

179 2727 307 2758 creata
335 2715 509 2755 refellere
537 2713 808 2768 praetermisit.
838 2710 971 2749 Plures
999 2709 1093 2748 alias
1121 2716 1292 2746 veterum

178 2773 376 2824 opiniones
405 2769 536 2806 eodem
566 2768 650 2805 loco
677 2768 758 2804 sine
780 2764 858 2803 ulla
881 2765 1103 2802 refutatione
1118 2761 1292 2799 Clemens

184 2826 341 2873 recitat,
370 2836 464 2876 quas
492 2830 616 2860 tamen
645 2830 745 2861 certe
761 2831 833 2858 uon
861 2818 1063 2871 probavit,
1092 2824 1132 2853 ut
1162 2827 1290 2855 veras.

185 2999 368 3042 episcopum
402 2996 716 3036 Cautum-Iemerii,
758 2996 850 3028 hanc
886 2993 1101 3028 calumniam
1138 2991 1298 3025 admissae

188 3045 341 3076 materne
369 3044 529 3076 increatae
550 3044 720 3077 Clementi
742 3040 981 3075 Alexandrino
1006 3039 1185 3083 appinxit.
1213 3038 1300 3083 Ejus

190 3089 336 3131 v'estigia
362 3097 478 3133 postea
505 3090 615 3122 secuti
636 3097 716 3122 sunt
735 3088 955 3126 Voltairins‚
981 3085 1239 3124 Rousseavius,
1264 3098 1300 3118 a-

189 3135 298 3178 nique
326 3143 447 3183 nestrae
474 3136 587 3168 aetatis
613 3134 868 3180 hyper-critici.

238 3185 289 3230 (52)
320 3178 439 3229 Vlderi
464 3190 643 3214 merentur
659 3203 669 3221 ‚
695 3193 774 3225 quae
798 3179 839 3212 de
865 3179 1044 3212 Clemente
1064 3176 1303 3210 Alexandrino

192 3225 335 3268 scripsit
359 3227 633 3267 sapientissimus
655 3227 811 3260 Pontifex
833 3223 1036 3258 Benedictus
1058 3224 1155 3256 xlv.
1181 3223 1216 3255 in
1233 3223 1304 3256 Lit-

195 3275 282 3305 teris
310 3271 527 3313 Apostolzczs
554 3271 595 3303 ad
621 3274 720 3305 Joan.
746 3273 789 3305 V.
817 3270 1035 3314 Por-tugalliae
1063 3269 1192 3313 Regem
1218 3280 1301 3313 prae·

195 3318 276 3352 fixis
302 3328 396 3348 novae
422 3313 563 3348 editioni
591 3318 834 3362 Martyrologii
862 3316 1008 3350 Romani
1035 3318 1067 3356 Φ.
1093 3326 1146 3358 ¹9-
1173 3318 1204 3346 ἀ
1229 3327 1301 3359 seq.

241 3364 288 3403 (b)
317 3363 432 3396 Multo
455 3362 559 3405 plura
570 3362 831 3397 Sancti-Iustini
853 3362 1050 3397 testimonia
1064 3362 1099 3395 in
1118 3361 1207 3394 hane
1228 3371 1301 3395 rem

1018 130 1101 176 DE
1135 130 1351 176 CREAT.
1401 131 1533 174 CAP.
1564 128 1621 171 11.

1346 211 1411 250 Sic
1427 210 1661 248 zoroastrem
1690 203 1917 243 duodecimo
1941 206 1992 244 ab
2020 208 2174 247 interitu
2202 207 2264 247 die
2292 202 2448 251 revixis-

1347 278 1385 302 se
1413 270 1541 302 narrat
1570 273 1615 297 ex
1644 258 1819 307 Platone,
1849 259 1911 295 cui
1937 261 2106 310 profecto
2136 262 2251 301 fidem
2281 278 2355 303 non
2384 267 2452 304 ad-

1349 316 1503 362 hibuit,
1545 313 1634 351 inde
1658 320 1788 350 tamen
1814 309 1996 362 conjicit,
2043 313 2157 352 fuisse
2185 331 2206 354 a
2236 318 2454 357 Gentilibus

1349 368 1661 407 resurrectionem
1699 377 1903 417 corporum
1933 363 2066 402 saltem
2109 368 2341 408 indicatam.
2389 372 2454 410 Sic

1350 436 1465 474 supra
1491 419 1669 458 attulerat
1697 417 1783 456 illas
1810 418 1974 456 Socratis
2003 431 2154 470 preces:
2191 420 2231 458 O
2259 422 2373 473 Pan,
2402 425 2453 465 ὅ]

1351 475 1419 514 Dc'z'
1447 474 1543 522 alti,
1573 472 1668 510 date
1697 471 1818 520 mihi,
1855 479 1897 508 ut
1924 474 2029 508 intus
2055 475 2133 509 sim
2162 472 2340 523 pulcher,
2381 490 2453 514 non

1351 528 1518 580 profecto
1546 526 1594 564 ad
1609 524 1864 563 idololatriam
1879 524 2183 563 confirmandam
2200 555 2212 573 ,
2240 526 2302 564 sed
2316 536 2357 565 ut
2371 542 2455 579 pro-

1350 582 1415 620 bet
1445 581 1558 618 etiam
1587 594 1608 617 a
1624 576 1862 629 philosophis
1891 579 2048 629 paganis
2063 579 2241 617 virtutem
2262 580 2377 618 fuisse
2397 593 2454 618 re-

1350 642 1518 686 putatam
1549 646 1679 671 veram
1708 632 1831 669 animi
1861 629 2215 682 pulchritudinem.

1407 686 1471 725 56.
1499 687 1677 723 Ceterum
1707 685 1740 721 &
1772 685 1810 722 id
1838 684 1926 722 addi
1948 684 2085 732 debet,
2115 698 2188 723 non
2209 694 2352 724 tantam
2382 701 2457 725 esse

1351 739 1556 778 Clementis
1592 737 1843 776 Alexandrini
1885 738 2146 775 auctoritatem
2183 740 2223 777 in
2256 738 2460 791 Religionis

1352 794 1526 844 negotio,
1554 800 1696 844 quanta
1725 800 1778 828 est
1806 789 1971 829 alioruin
2001 799 2192 830 veterum.
2219 793 2461 830 Cassiodorus

1351 847 1456 884 enim
1485 860 1572 897 cap.
1602 844 1641 882 8.
1678 843 1811 881 Dte-in.
1842 843 2138 882 Institutionum
2166 849 2295 896 ipsum
2323 846 2462 895 aliqua

1354 903 1515 937 incaute
1543 899 1714 936 locutum
1729 896 1894 949 fuisse,
1923 906 2103 945 testatur,
2132 897 2166 934 8(
2195 898 2373 937 Gelasius
2394 898 2462 938 Pa-

1354 968 1405 1005 pa
1434 953 1472 990 in
1501 951 1655 1004 Synodo
1686 951 1857 989 Romana
1886 948 1969 1001 ejus
1998 951 2116 989 libros
2151 953 2194 990 iu
2222 951 2462 1005 apocrypho·

1355 1019 1442 1043 rum
1472 1005 1630 1044 classem
1660 1003 1792 1055 rejecit
1822 1004 1913 1055 (ιι),

1410 1059 1476 1110 57.
1506 1058 1640 1097 Obiter
1669 1057 1733 1096 hic
1762 1057 1978 1109 castiganda
2013 1058 2118 1096 venit
2145 1057 2204 1097 Jo.
2232 1058 2314 1097 Jac.
2346 1059 2463 1097 Rous-

1355 1113 1472 1150 seavii
1502 1112 1720 1158 temeritas,
1760 1111 1830 1161 -qui
1862 1112 1899 1148 in
1928 1124 1994 1147 sua
2023 1110 2092 1149 illa
2122 1113 2274 1163 procaci
2304 1113 2465 1165 epistola.

1355 1165 1404 1203 ad
1435 1164 1779 1216 Archiepiscopum
1799 1162 2047 1200 Parisiensem
2077 1165 2242 1203 scribere
2271 1180 2383 1204 ausus
2411 1173 2466 1204 est

1354 1221 1370 1270 (
1402 1232 1489 1270 pag.
1517 1218 1584 1255 55.
1614 1224 1691 1254 not.
1723 1229 1787 1266 27.
1818 1215 1863 1262 ),
1892 1215 2088 1252 Justinum
2118 1226 2348 1270 martyrem,
2378 1220 2465 1257 Ori-

1352 1285 1488 1323 genem
1507 1301 1517 1319 ,
1547 1270 1724 1320 aliosque
1751 1268 1880 1318 plures
1908 1266 2093 1305 Ecclesiae
2111 1266 2240 1307 Patres
2266 1273 2465 1310 materiam

1353 1326 1566 1363 increatam
1595 1323 1789 1361 admisisse
1810 1347 1821 1358 .

1408 1378 1473 1417 58.
1503 1377 1577 1416 Sed
1606 1390 1683 1429 qua
1714 1375 1832 1413 fronte
1862 1374 2096 1413 Genevensis
2124 1374 2189 1414 hic
2216 1376 2469 1430 pseudo-phi·

1352 1430 1532 1484 losophus
1560 1431 1680 1483 potuit
1710 1427 1748 1466 id
1777 1427 1943 1466 scribere
1971 1428 2017 1466 de
2045 1427 2086 1467 S.
2113 1428 2287 1479 Justino,
2330 1432 2398 1482 qui
2427 1431 2469 1470 in

1356 1483 1637 1523 Cohortatz'one
1679 1481 1734 1521 ad
1766 1481 1933 1520 Graecos
1963 1496 2000 1522 n.
2033 1495 2097 1521 22.
2140 1496 2314 1535 expresse
2352 1483 2467 1521 dicit:

1355 1538 1469 1576 Solus
1500 1537 1677 1590 (Deus)
1707 1546 1792 1585 est,
1822 1538 1886 1587 qui
1914 1548 2073 1586 semper
2100 1540 2271 1585 existat,
2300 1549 2375 1575 nec
2392 1535 2468 1588 fa-

1355 1601 1440 1630 ctus
1469 1591 1559 1630 sit?
1589 1592 1636 1629 Et
1664 1604 1775 1630 num.
1800 1590 1864 1629 25.
1893 1589 1990 1627 hanc
2013 1591 2135 1641 ipsam
2158 1603 2354 1628 erroneam
2385 1591 2470 1642 opi-

1354 1647 1509 1684 nionem
1540 1645 1710 1684 materiae
1741 1645 1920 1682 increatae
1940 1673 1950 1690 ,
1990 1657 2106 1695 quam
2135 1643 2270 1682 tribuit
2300 1643 2468 1692 Platoni,

1354 1698 1425 1736 hoc
1458 1701 1602 1737 invicto
1632 1699 1833 1737 ratiocinio
1862 1694 2027 1738 refellit:
2057 1696 2247 1734 llsthertoe
2277 1700 2380 1744 vim,
2411 1705 2470 1733 ut-

1353 1761 1443 1803 pote
1471 1755 1695 1805 ingenitam
1713 1781 1724 1800 ,
1753 1751 1830 1798 (J,
1861 1760 1903 1788 ut
1930 1754 2015 1799 ipse
2043 1754 2227 1799 opinatur
2246 1743 2470 1797 Ριάτο,ἰλ«ἕὗ

1353 1806 1513 1856 qualem
1542 1805 1671 1858 opifici
1690 1836 1699 1853 ,
1744 1805 1793 1844 (9³
1823 1817 2002 1842 coaet'am
2030 1803 2222 1841 obluctare·
2250 1817 2325 1852 par
2354 1811 2411 1840 est
2440 1807 2470 1840 ι’-

1353 1863 1458 1909 pst'us
1487 1859 1679 1897 voluntati
1696 1874 1710 1903 ,-
1741 1861 1776 1895 ei
1804 1861 1935 1905 enim,
1964 1861 2030 1908 qui
2056 1870 2137 1895 non
2159 1860 2303 1894 crearit
2320 1887 2331 1905 ,
2361 1855 2471 1893 nullo:

1354 1922 1412 1949 est
1442 1917 1483 1948 ῐη
1510 1912 1551 1949 id
1567 1942 1577 1959 ,
1607 1912 1709 1962 quod
1737 1919 1797 1948 est
1826 1916 2080 1958 increatum,
2122 1919 2324 1960 potestas,
2367 1908 2472 1946 unde

1355 1976 1429 2000 nec
1459 1968 1512 1999 vis
1541 1965 1624 2000 ulla
1653 1968 1688 2001 ei
1717 1964 1859 2014 injerri
1887 1974 2038 2014 potest,
2070 1977 2160 2001 cum
2192 1963 2242 2001 ab
2271 1966 2381 2002 omni.
2401 1975 2472 1999 ex-

1356 2026 1474 2053 terna
1502 2019 1742 2053 necessitate
1771 2016 1894 2053 libera
1923 2022 1973 2053 sit
2004 2016 2060 2066 (b)
2083 2043 2094 2054 .

1413 2069 1477 2119 59.
1507 2068 1641 2119 Neque
1672 2079 1760 2105 vero
1787 2069 1874 2119 quis
1902 2068 2090 2119 objiciat,
2137 2068 2178 2106 S.
2208 2068 2399 2106 Justinum
2431 2071 2471 2104 in

1357 2121 1554 2171 Apologia
1570 2121 1600 2157 I.
1630 2133 1740 2157 num.
1760 2121 1824 2170 59.
1855 2130 2002 2170 putasse
2019 2120 2213 2157 Platonem
2235 2121 2364 2166 Moysi
2384 2134 2474 2159 cou-

1356 2175 1492 2212 sentire
1524 2174 1561 2209 in
1592 2171 1820 2223 explicanda
1840 2184 1970 2209 rerum
1997 2173 2149 2222 genesi3
2179 2165 2324 2210 certum
2346 2182 2474 2212 autem

1357 2241 1435 2265 esse
1450 2255 1462 2274 ,
1491 2224 1686 2263 Platonem
1716 2225 1882 2277 posuisse
1903 2226 2102 2263 materiam
2126 2234 2303 2264 aeternam
2320 2256 2331 2274 ,
2363 2224 2396 2262 &
2416 2227 2476 2266 in-

1358 2288 1525 2319 creatam
1542 2306 1552 2317 .

1411 2333 1477 2379 40·
1510 2332 1728 2385 Respondeo
1756 2334 1861 2370 enim
1879 2363 1890 2381 ,
1919 2346 1989 2371 nou
2011 2341 2157 2385 putasse
2176 2334 2196 2371 J
2203 2334 2368 2372 ustinum
2389 2348 2476 2387 per·

1358 2387 1498 2425 sectam
1528 2400 1606 2425 esse
1626 2385 1787 2423 Platonis
1816 2400 1908 2424 cum.
1921 2386 2058 2439 Moyse
2078 2388 2382 2436 consensionem,
2411 2387 2476 2426 sed

1357 2440 1531 2492 aliquam
1561 2448 1707 2478 tantum
1725 2468 1736 2488 ,
1766 2440 1807 2478 in
1837 2452 1882 2477 eo
1909 2439 2080 2488 scilicet,
2109 2440 2210 2492 quod
2240 2449 2397 2493 uterque
2418 2442 2475 2479 di-

1358 2496 1482 2541 xerit,
1518 2493 1648 2532 Deum
1677 2505 1722 2530 ex
1753 2495 1912 2531 materia
1940 2494 2097 2532 informi
2127 2493 2317 2531 mundum
2345 2495 2476 2532 condi·

1355 2548 1482 2595 disse,
1525 2559 1601 2588 non
1631 2555 1757 2584 autem
1799 2547 1902 2599 quod
1932 2546 2085 2599 Moyses
2114 2547 2309 2595 docuerit,
2358 2556 2478 2585 mate-

1359 2601 1457 2638 riam
1489 2613 1565 2638 esse
1595 2601 1805 2638 increatam
1823 2629 1834 2648 ,
1880 2600 2206 2652 quemadmodum
2236 2601 2363 2639 docuit
2393 2601 2478 2638 Pla-

1359 2662 1421 2698 to,-
1451 2654 1553 2706 quod
1582 2666 1797 2705 numquam
1827 2654 1950 2706 potuit
1977 2653 2116 2691 Sancto
2135 2653 2283 2691 Justiuo
2311 2655 2350 2692 in
2370 2668 2478 2691 men—

1359 2716 1436 2744 tem
1465 2708 1597 2746 venire
1619 2732 1630 2744 .
1678 2707 1926 2759 Quamquam
1959 2707 2021 2744 hic
2050 2706 2175 2744 Sanct.
2206 2706 2313 2744 Pater
2355 2708 2477 2745 studio

1360 2760 1605 2812 pertrahendi
1634 2759 1806 2798 Gentiles
1848 2760 1896 2797 ad
1923 2759 2181 2798 Christianam
2225 2760 2446 2811 religionem
2464 2789 2474 2807 ‚

1358 2814 1489 2852 omnia
1518 2827 1562 2852 ex
1591 2812 1756 2852 Ethnica
1785 2811 2031 2866 Philosophia
2073 2815 2338 2861 coacervavit,
2385 2827 2474 2864 quae

2359 2878 2426 2917 1³0·

1369 2988 1481 3024 afferri
1509 2997 1646 3033 possent
1663 3010 1675 3029 ,
1700 2990 1727 3022 si
1753 2999 1837 3033 opus
1863 2996 1976 3028 essem
2002 2996 2039 3020 ut
2065 2985 2174 3024 illud,
2199 2983 2290 3028 quod
2315 2983 2419 3017 habet
2439 2985 2475 3017 in

1369 3036 1521 3079 Dialogo
1547 3047 1618 3068 cum
1646 3035 1833 3079 Tryphone
1860 3046 1894 3066 n.
1921 3034 1954 3066 6.
1981 3033 2040 3067 ubi
2065 3032 2200 3074 inquit:
2246 3031 2350 3063 Solus
2376 3030 2476 3063 Deus

1371 3091 1446 3122 est,
1471 3085 1525 3124 qm·
1552 3093 1612 3113 nec
1637 3085 1773 3126 genitus
1800 3084 1874 3119 sit,
1901 3092 1964 3112 nec
1989 3080 2196 3119 corruptioni
2216 3078 2405 3116 obnoxius,
2433 3089 2476 3110 ac

1370 3135 1549 3173 propterea
1574 3127 1668 3160 Deus
1694 3138 1772 3166 est;
1798 3129 1927 3169 reliqua
1955 3136 2029 3157 vero
2054 3125 2191 3163 omniu,
2217 3136 2282 3167 qnae
2306 3131 2385 3167 post
2401 3135 2476 3156 eum

1372 3183 1475 3214 sunt,
1499 3178 1637 3217 genita,
1664 3181 1704 3207 ω’
1728 3173 1938 3214 corruptioni
1963 3171 2131 3202 obnoxia.
2159 3171 2208 3202 De
2233 3168 2388 3208 sumini,
2420 3178 2474 3202 at-

1371 3233 1437 3266 que
1463 3219 1694 3263 Athenagora}
1720 3228 1835 3253 mente
1860 3224 2030 3259 quantum
2057 3214 2100 3248 ad
2129 3215 2339 3248 creationem
2363 3221 2477 3246 mate-

1370 3269 1454 3306 riae,
1495 3264 1616 3298 adi-sis
1641 3265 1882 3299 doctissimum
1917 3263 2099 3306 utriusque
2137 3273 2282 3306 operum
2306 3259 2494 3296 editorem„-

1370 3314 1413 3348 Β
1442 3310 1669 3345 Prudentium
1695 3313 1819 3346 Max-an
1846 3309 1881 3342 in
1907 3308 2043 3342 Praefat.
2072 3308 2164 3343 Part.
2192 3309 2235 3342 ll·
2261 3318 2336 3352 cap.
2363 3317 2396 3338 2.
