2577 3633
268 144 322 185 25

264 233 326 270 70.
356 214 611 255 Corollarium
630 236 640 250 .
682 211 780 250 Cum
810 212 935 251 Deum
965 223 1082 246 unum
1113 222 1189 246 esse
1218 222 1305 260 pro-

206 285 419 324 pugnamus
435 298 445 316 ,
474 267 663 306 declinare
684 266 866 303 debemus
894 280 914 302 a
937 263 1051 301 veteri
1073 260 1304 300 Pantheista·

206 338 294 361 rum
322 334 447 359 errore
464 351 474 368 ,
507 333 621 372 quem
651 319 794 370 impius
810 318 971 368 Spinoza
991 315 1170 351 suscitare
1197 316 1304 353 nisus

205 386 282 414 est.
313 375 374 412 Illi
391 376 494 413 enim
513 374 677 410 dicentes
691 388 724 412 εν
746 370 788 410 τὸ
808 370 885 411 «πρὶν
901 379 1022 403 unum
1041 379 1161 404 omne
1177 367 1304 405 Deum

204 427 468 478 intelligebant
510 440 577 479 per
605 426 733 462 omnia
774 427 825 460 ita
853 419 1062 467 diffusum,
1110 429 1151 457 ut
1179 420 1229 458 ab
1259 421 1305 459 iis

203 495 275 519 non
303 482 621 532 distingueretur3
664 476 762 514 unde
791 472 888 512 illud
912 473 1069 510 Catonis
1095 473 1199 524 apud
1226 473 1306 511 Lu-

201 547 341 572 canum
361 533 452 572 Lib.
473 532 543 570 IX.
574 528 794 568 Pharsaliae
809 539 823 561 .·
850 524 997 574 Jupiter
1016 535 1074 562 est
1093 526 1305 576 quodcum-

205 600 278 637 que
308 586 438 634 vides,
480 584 748 635 quodcumque
774 589 975 616 moretur.
1021 578 1184 631 Spinoza
1212 593 1303 617 vero

202 654 323 678 unum
354 640 479 677 Deum
510 652 585 673 esse
620 647 662 671 eo
690 645 796 670 sensu
833 631 1013 679 dicebat,
1060 632 1160 683 quod
1190 633 1305 670 unica

201 695 250 730 sit
272 695 315 735 ω
344 702 415 729 toto
444 692 618 728 universo
643 685 876 733 substantia,
904 698 1021 736 quam
1052 684 1178 722 Deum
1208 685 1303 723 abu-

201 760 246 784 su
273 746 434 782 nominis
464 739 708 793 appellabat.
738 737 939 789 Propterea
965 746 1230 789 argumentum
1259 750 1305 774 ex

201 808 369 836 veterum
392 790 714 844 Philosophorum
755 803 939 828 consensu
976 791 1022 828 de
1061 792 1202 829 unitate
1231 790 1306 828 Dei

202 860 311 889 caute
327 880 337 896 ,
366 849 400 884 &
429 847 498 884 hoc
514 855 660 883 tantum
677 857 783 882 sensu
800 844 1062 895 usurpandum
1091 851 1144 880 est
1162 872 1173 891 ‚
1202 844 1304 895 quod

200 903 259 941 illi
289 901 348 940 vel
377 900 577 938 traditione
606 899 790 949 antiqua,
823 896 884 934 vel
914 898 967 933 rei
997 896 1187 935 evidentia
1215 909 1304 934 con-

197 955 290 993 victi
318 955 471 992 nonnisi
501 965 622 990 unum
637 950 765 988 Deum
793 963 870 987 esse
900 962 1003 1000 posse
1024 949 1302 1000 agnoscebant,

198 1021 421 1060 quanquam
451 1007 491 1044 in
522 1004 637 1056 hujus
672 1005 785 1041 unius
813 1002 889 1040 Dei
918 1011 1051 1040 natura
1087 1002 1304 1040 definienda

201 1062 405 1098 enormiter
434 1074 456 1097 a
484 1070 574 1098 vero
600 1056 855 1094 aberrabant.

255 1126 319 1164 71.
349 1112 425 1150 Ob.
454 1113 607 1163 primo.
636 1109 745 1147 Nihil
775 1108 1010 1160 frequentius
1038 1109 1078 1146 in
1107 1108 1222 1145 sacris
1243 1106 1305 1145 lit-

201 1168 316 1214 teris,
345 1179 464 1218 quam
496 1164 668 1216 plurium
696 1161 866 1200 Deorum
897 1162 1057 1199 mentio.
1087 1160 1220 1214 Neque
1240 1173 1304 1198 ve-

201 1233 243 1256 ro
272 1218 488 1270 responderi
518 1224 660 1269 potest,
699 1228 834 1253 nomen
864 1214 938 1252 Dei
968 1216 1008 1252 in
1037 1212 1161 1259 falsa,
1191 1222 1306 1265 atque

201 1272 328 1309 aliena
356 1271 465 1310 verbi
495 1269 768 1321 significatione
790 1269 994 1319 usurpari3
1023 1280 1113 1304 nam
1133 1265 1306 1304 Christus

202 1325 393 1362 Dominus
413 1323 473 1360 JO.
503 1321 553 1360 X.
577 1322 640 1367 54.
671 1334 750 1372 seq.
778 1333 822 1358 ex
854 1322 900 1358 iis
929 1319 986 1358 Ps.
1009 1319 1194 1357 LXXXI.
1224 1332 1306 1357 ver-

200 1378 284 1416 bis:
316 1390 388 1429 ego
417 1375 527 1422 dixi,
557 1375 626 1412 Dii
654 1378 772 1422 estis,
802 1380 1071 1424 argumentum
1100 1371 1310 1423 desumpsit

200 1431 247 1467 ad
278 1443 405 1467 veram
435 1442 540 1467 suam
570 1428 808 1465 divinitatem
837 1424 1189 1477 comprobandam3
1219 1438 1308 1474 quae

201 1481 342 1520 Christi
371 1482 645 1532 argumentatio
663 1479 810 1516 nullius
838 1478 949 1529 plane
978 1476 1124 1513 roboris
1153 1477 1309 1524 fuisset,

199 1535 230 1572 si
259 1534 304 1570 de
333 1533 428 1570 falsa
456 1533 653 1570 divinitate
682 1532 739 1569 ibi
768 1542 890 1568 sermo
919 1529 1149 1572 haberetur3
1191 1530 1243 1566 ita
1270 1542 1309 1565 e-

201 1587 282 1625 nim
312 1584 521 1636 collegisset
549 1583 744 1622 Christus:
790 1586 832 1618 in
860 1583 987 1618 sacris
1017 1581 1156 1617 litteris
1197 1592 1306 1617 com-

201 1648 481 1676 memorantur·
500 1637 552 1674 clii
569 1636 678 1689 falsi
693 1649 706 1672 .·
735 1648 830 1687 ergo
850 1632 1108 1683 blasphemiae
1128 1646 1200 1684 ego
1219 1646 1309 1670 reus

200 1706 282 1730 non
303 1705 414 1740 sum,
443 1694 475 1728 si
496 1689 708 1740 nzefilium
724 1687 801 1725 Dei
822 1690 899 1723 veri
916 1715 926 1734 ‚
956 1686 1004 1725 ὠ·
1026 1697 1158 1722 verum
1177 1684 1310 1722 Deum

201 1745 381 1795 appello,
424 1754 501 1794 quo
529 1741 628 1779 nihil
658 1741 736 1778 dici
778 1748 898 1791 pos-set
934 1738 1125 1789 ineptius.
1171 1737 1311 1775 Contra

203 1811 292 1836 vero
321 1804 419 1833 recte
449 1794 533 1832 fluit
560 1793 700 1831 Christi
743 1798 1009 1843 argumentum
1028 1818 1039 1836 ,
1086 1789 1117 1827 si
1146 1789 1191 1826 de
1221 1803 1311 1827 vera

202 1850 400 1889 divinitate
429 1846 641 1898 intelligens
669 1844 782 1883 illum
815 1842 956 1881 Psalmi
984 1842 1112 1879 locum
1141 1842 1191 1879 ita
1221 1856 1310 1880 con·

204 1902 355 1941 cludat:
396 1905 429 1937 si
458 1900 541 1948 illi,
570 1899 618 1936 (le
646 1896 779 1949 quibus
808 1897 971 1947 loquitur
999 1894 1220 1945 Propheta,
1248 1908 1310 1933 re-

204 1960 241 1993 ri
270 1963 360 1992 sunt
377 1953 468 2002 Dii,
494 1960 643 2004 quanto
665 1954 797 2003 magis
819 1962 890 2001 ego
905 1979 916 1997 ,
944 1961 1062 1999 quem
1078 1947 1199 1985 Pater
1213 1961 1309 1985 san-

206 2009 393 2061 ctificat-it
410 2037 421 2055 ,
450 2007 498 2046 Θ
515 2009 620 2042 misit
641 2003 910 2050 inmundum,
931 2013 1042 2039 verus
1057 2000 1168 2039 Deus
1182 2013 1271 2038 sum
1286 1999 1310 2038 ,²

205 2061 363 2101 Accedit
392 2060 424 2096 8<
454 2059 710 2098 testimonium
740 2055 910 2108 Apostoli
938 2053 1049 2108 Pauli
1084 2054 1242 2092 dicentis
1276 2067 1310 2092 1.

207 2113 376 2151 Corinth.
405 2112 509 2151 VIII.
533 2113 569 2150 5.
600 2115 672 2149 etsi
700 2118 816 2158 sunt,
846 2111 910 2159 qui
938 2107 1122 2145 dicantur
1141 2106 1231 2155 Dii,
1260 2111 1311 2145 si-

208 2180 252 2204 ve
288 2171 329 2204 in
358 2167 483 2211 coeto,
530 2168 607 2202 sire
637 2169 677 2202 in
705 2172 814 2200 terra
857 2164 872 2211 (
902 2159 1095 2211 siquidem
1135 2169 1228 2198 sunt
1257 2160 1311 2198 dii

208 2220 347 2268 multi,
375 2219 424 2260 ὠ
453 2218 601 2256 domini
617 2216 783 2265 multi),
802 2215 911 2252 nobis
926 2223 1066 2251 tamen
1085 2225 1186 2251 unus
1201 2212 1312 2251 Deus

208 2273 294 2312 &a
323 2273 433 2324 quasi
463 2271 630 2319 diceret,
657 2283 726 2307 nos
754 2281 800 2306 ex
828 2266 958 2306 multis
985 2266 1058 2304 diis
1087 2267 1240 2304 nonnisi
1269 2280 1312 2304 u-

208 2339 303 2364 num
334 2324 480 2372 colere,
510 2331 550 2361 ut
577 2326 609 2361 si
637 2324 724 2374 quis
752 2323 847 2360 inter
875 2319 1015 2360 multos
1034 2317 1189 2358 Sanaos
1216 2332 1311 2359 non-

209 2381 281 2417 nisi
313 2378 379 2415 uni
408 2376 556 2415 cultum
587 2375 790 2413 exhibeat.

268 2444 330 2482 72.
361 2430 472 2481 Resp.
501 2431 541 2468 in
570 2428 748 2466 omnibus
775 2428 823 2479 iis
864 2439 982 2466 sacrae
1011 2424 1221 2478 Scripturae
1256 2425 1312 2463 lo-

212 2486 291 2531 cis,
340 2485 378 2521 in
408 2483 547 2535 quibus
577 2482 749 2533 plurium
779 2481 948 2519 Deorum
978 2491 1102 2518 sermo
1131 2478 1202 2526 fit,
1244 2492 1312 2517 no·-

213 2551 299 2576 men
319 2536 391 2576 Dei
421 2538 518 2574 sumi
548 2535 606 2573 vel
623 2536 668 2573 ad
689 2543 852 2572 mentem
875 2546 1064 2572 caecorum
1079 2531 1316 2580 Gentilium,

211 2591 278 2642 qui
307 2591 414 2626 vanis
442 2588 554 2626 idolis
583 2601 719 2626 nomen
740 2587 815 2626 Dei
843 2587 1089 2632 tribuebant,
1117 2585 1179 2624 vel
1201 2586 1238 2622 in
1258 2584 1315 2623 la-

212 2643 356 2680 tissimo
384 2655 495 2678 sensu
524 2641 570 2678 ad
600 2641 840 2692 designandos
860 2642 959 2679 viros
979 2640 1144 2685 virtute,
1174 2647 1238 2676 aut
1257 2638 1315 2676 di-

214 2696 350 2747 gnitate
379 2693 623 2738 excellente93
653 2703 691 2731 ut
712 2695 750 2731 in
770 2693 873 2732 laud.
895 2692 993 2731 Psal·
1014 2690 1199 2731 LXXXI.
1228 2692 1316 2729 deo-

213 2761 299 2786 rum
332 2748 480 2783 nomine
510 2744 774 2796 intelliguntur
802 2747 978 2794 ludices,
1018 2745 1087 2797 qui
1114 2746 1229 2783 etiam
1258 2743 1316 2782 E-

216 2800 311 2837 xodi
339 2799 449 2837 XXI.
471 2797 507 2836 6.
548 2797 581 2833 ἃ
609 2811 709 2849 saepe
739 2798 833 2836 alias
861 2798 913 2837 dii
941 2807 1123 2838 vocantur
1143 2828 1154 2846 ,
1195 2797 1286 2850 quia
1304 2827 1315 2845 ,

216 2863 256 2890 nt
284 2853 422 2890 dicitur
443 2850 623 2900 Parattp.
640 2850 750 2889 XIX.
766 2850 805 2889 6.
833 2865 913 2890 non
941 2852 1109 2890 hominis
1129 2859 1316 2889 exercent

219 2905 406 2956 judicium
424 2935 434 2953 ,
464 2903 533 2942 sed
562 2903 753 2942 Domini.
782 2905 1043 2951 Quamobrem
1073 2904 1268 2943 Psalmista
1298 2916 1318 2940 e

217 2960 371 3010 vestigio
399 2957 550 2995 subdit:
578 2961 619 2994 in
650 2956 779 2995 medio
799 2968 933 2996 autem
953 2959 1047 2997 deos
1076 2960 1092 3009 (
1113 2971 1176 2996 seu
1195 2957 1320 3009 potius

219 3016 261 3048 in
289 3010 417 3049 medio
446 3010 608 3049 deorum
637 3011 653 3061 )
684 3010 905 3063 dijudicat:
940 3024 1137 3064 usquequo
1155 3010 1319 3064 judica-

222 3142 286 3178 dia
312 3143 485 3180 rationis,
510 3140 662 3183 &fidei
686 3141 763 3174 Lib.
790 3141 833 3173 H.
861 3151 935 3184 cap·
965 3151 995 3172 2.
1021 3154 1054 3175 n.
1088 3142 1140 3176 13.
1167 3144 1199 3174 δε
1222 3141 1331 3186 potis-

221 3188 350 3220 simum
370 3185 456 3219 Rad.
480 3185 712 3220 Cndworthus
738 3189 772 3220 in
801 3195 946 3232 system.
973 3190 1085 3221 mundi
1114 3190 1333 3222 intellec-0³10-

223 3236 248 3266 11'
275 3244 349 3277 cap.
377 3232 410 3274 4.
453 3230 517 3264 Sed
545 3233 610 3275 legi
640 3243 793 3266 meretur
819 3233 1097 3277 elegantissimus
1125 3234 1327 3268 Lactantius

224 3279 301 3312 Lib.
326 3280 352 3312 l.
379 3280 486 3311 divin.
514 3277 631 3311 Instit.
659 3291 733 3323 cap.
763 3280 793 3312 5.
817 3279 876 3312 ubi
904 3288 1084 3322 postquam
1109 3280 1229 3314 multis
1251 3279 1331 3312 Poe-

223 3334 337 3359 tarum
354 3347 365 3365 ,
391 3327 421 3358 &
440 3323 728 3370 Philosophorum
751 3325 960 3360 testimoniis
979 3325 1041 3360 Dei
1061 3328 1233 3362 unitatem
1251 3337 1332 3373 pro-

973 129 1374 176 DISSERTAT‘IO
1405 129 1463 174 ῙῙ.
1496 128 1623 175 CAP.
1655 129 1691 172 Ι.

1372 213 1421 247 tis
1449 206 1736 259 iniquitatem?
1777 207 1837 245 De
1864 206 1996 246 ceteris
2024 213 2150 246 autem
2180 205 2365 247 Gentium
2401 207 2477 247 diis

1370 263 1472 301 idem
1502 261 1699 300 l'salmista
1741 261 1793 298 ait
1821 259 1971 300 Psalmo
1999 260 2121 301 XCV.
2153 262 2190 300 5.
2239 259 2393 299 'Omnes
2423 260 2479 298 dii

1369 318 1549 367 gentium
1579 314 1811 360 (iaemom'a,
1842 326 1906 350 seu
1935 322 1976 351 ut
2003 312 2117 351 habet
2145 314 2228 352 fons
2257 313 2478 353 haebraicus

1373 364 1538 412 obstas
1566 371 1712 410 otmari
1739 362 1856 410 ἰι-ἡκ
1883 361 1961 412 ‘tm
1987 373 2029 414 c,
2057 379 2157 404 nam
2171 379 2312 406 omnes
2331 367 2385 405 άιί·
2412 379 2482 419 po-

1369 420 1548 469 pulorum
1578 421 1670 454 vani
1696 425 1787 454 sunt
1804 442 1815 453 .

1419 471 1490 522 ¹75.
1519 469 1691 508 Christus
1730 477 1857 506 autem
1887 470 2076 510 Dominus
2115 485 2161 510 ex
2199 470 2261 510 Ps.
2289 468 2480 510 LXXXI.

1372 531 1640 575 argumentum
1668 524 1831 573 sumpsit
1859 522 1908 560 ad
1937 525 2172 576 probandam
2200 537 2308 563 suam
2337 524 2481 562 divini-

1369 585 1484 613 tatem
1505 589 1532 612 a
1552 578 1706 612 minore
1725 574 1781 611 ad
1799 577 1957 628 majus,
1987 587 2026 615 ut
2039 579 2117 616 dici
2134 577 2250 626 solet,
2278 577 2482 629 inquiens:

1371 632 1404 666 si
1433 629 1518 666 illos
1538 627 1632 665 (licit
1651 627 1744 665 deos
1759 657 1770 675 ,
1800 627 1856 665 ad
1874 642 1967 680 quos
1987 643 2118 670 sermo
2135 630 2213 668 Dei
2228 629 2375 682 factus
2395 637 2454 667 est
2467 658 2480 677 ,

1371 682 1420 722 (9-
1448 694 1528 718 non
1557 689 1681 731 potest
1709 680 1802 718 solvi
1829 685 2053 734 scriptura,
2085 697 2202 736 quem
2232 683 2353 721 Pater
2380 695 2478 720 san-

1371 733 1581 787 ctificarit,
1610 735 1659 775 <9⁶
1688 737 1797 771 misit
1816 737 1858 770 in
1877 734 2094 785 mundum,
2122 750 2187 776 vos
2206 736 2356 784 dicitis,
2384 738 2481 785 quia

1371 786 1651 838 blasphemas,
1680 790 1774 838 quia
1802 785 1913 835 dixi,
1944 787 2058 840 filius
2087 788 2166 827 Dei
2191 788 2321 828 sum?
2367 788 2478 835 Ubi,

1371 840 1593 878 observante
1623 840 1756 888 EstiO,
1785 839 1950 893 aliisque
1979 842 2275 893 interpretibus,
2303 849 2480 879 nontam

1370 894 1534 932 instituit
1561 892 1733 931 Christus
1760 890 1832 931 hoc
1861 901 2131 944 argumentum
2159 894 2205 932 ad
2237 894 2484 946 probandam

1370 959 1478 984 suam
1507 946 1745 983 divinitatem
1761 974 1772 995 ,
1801 960 1919 999 quam
1934 956 1974 985 ut
1994 947 2184 994 ostendat,
2214 960 2251 985 se
2270 960 2379 984 reum
2395 945 2481 984 bla-

1370 999 1556 1050 sphemiae
1586 1011 1659 1036 non
1687 1012 1790 1047 esse,
1820 999 1923 1051 quod
1950 1013 1988 1037 se
2017 999 2147 1038 filium
2167 1000 2242 1038 Dei
2262 998 2484 1052 appellave-

1371 1054 1449 1101 rit,
1491 1065 1582 1089 cum
1610 1059 1704 1089 esset
1730 1067 1754 1090 a
1782 1051 1864 1091 Deo
1893 1052 2001 1091 Patre
2029 1054 2166 1091 missus
2195 1054 2235 1090 in
2262 1052 2484 1099 mundum,

1372 1103 1407 1141 δι
1435 1104 1689 1143 sanctificatus
1705 1133 1716 1153 ,
1745 1118 1811 1143 seu
1838 1118 1929 1143 cum
1958 1114 2048 1144 esset
2068 1119 2180 1144 verus
2199 1106 2331 1151 Deus3
2358 1118 2481 1157 quane-

1370 1158 1577 1209 doquidem
1606 1158 1720 1194 etiam
1740 1157 1895 1196 Judices
1911 1188 1923 1206 ,
1951 1160 2019 1210 qui
2047 1158 2310 1196 tantummodo
2329 1157 2404 1196 Dei
2423 1158 2484 1195 vi-

1371 1224 1413 1248 ce
1444 1211 1729 1261 fungebantur,
1773 1210 1926 1248 fuerunt
1954 1212 1996 1248 iu
2024 1210 2224 1262 Scriptura
2251 1210 2320 1248 Dii
2349 1208 2485 1261 appel-

1372 1262 1469 1302 lati.
1516 1261 1567 1299 Ut
1596 1267 1630 1301 si
1658 1261 1837 1301 homines
1854 1292 1865 1311 ,
1894 1264 2022 1314 inquit
2051 1261 2315 1301 Tertullianus
2343 1261 2484 1300 adver-

1373 1328 1441 1354 sus
1469 1316 1682 1354 Prtzxeam
1712 1330 1797 1368 cap.
1831 1317 1894 1356 15.
1934 1315 2044 1354 Deos
2073 1316 2281 1367 Scriptura
2307 1327 2486 1367 pronun-

1374 1373 1487 1407 ciare
1514 1383 1597 1407 non
1624 1373 1781 1418 timuit,
1823 1374 1930 1407 scias
1958 1370 2071 1408 illam
2102 1369 2225 1407 multo
2261 1371 2394 1420 magis
2423 1374 2487 1405 νἐὸ·

1375 1434 1420 1461 ro
1437 1452 1448 1471 ‚
1477 1423 1527 1462 Θ
1555 1427 1670 1460 unico
1692 1422 1769 1460 Dei
1785 1421 1879 1474 filio
1900 1421 1978 1460 Dei
2006 1436 2156 1460 nomen
2179 1423 2272 1474 jure
2301 1420 2486 1459 contulis-

1375 1487 1444 1512 se.
1475 1475 1566 1512 Vid.
1595 1475 1856 1515 catechismus
1886 1474 2002 1514 Rom.
2026 1475 2072 1515 de
2101 1477 2229 1527 primo
2256 1474 2386 1526 symb.
2414 1481 2490 1512 art.

1375 1539 1463 1577 cap.
1496 1539 1533 1563 2.
1562 1541 1602 1564 n.
1634 1541 1671 1577 7.
1701 1528 1735 1563 ἃ
1765 1528 1804 1566 8.

1433 1577 1498 1628 74.
1529 1578 1753 1630 Apostolum
1796 1593 1888 1617 vero
1914 1581 1961 1618 de
1990 1580 2125 1628 falsis,
2167 1588 2279 1632 atque
2308 1579 2489 1618 inanibus

1376 1630 1592 1668 Gentilium
1620 1631 1694 1668 diis
1722 1630 1858 1683 loqui,
1901 1644 1947 1670 ex
1976 1639 2149 1669 contextu
2177 1632 2390 1670 luculenter
2418 1633 2505 1684 apo?

1375 1691 1511 1733 paret,
1540 1697 1628 1720 cum
1657 1684 1774 1720 dicit:
1803 1683 1913 1721 nobis
1940 1693 2103 1738 tamen²
2132 1684 2228 1723 idest
2247 1683 2345 1721 reste
2364 1685 2411 1722 de
2430 1686 2505 1722 di-'

1377 1735 1534 1771 vinitate
1563 1735 1809 1772 sentientibus
1826 1764 1837 1783 ‚
1865 1748 1968 1773 unus
1996 1735 2134 1783 Deus,
2163 1735 2312 1784 Pater,
2342 1749 2491 1788 ex’quo

1378 1789 1518 1823 omnia
1535 1811 1545 1822 .
1574 1785 1690 1824 Porro
1719 1788 1750 1825 si
1779 1787 1828 1824 ab
1857 1786 1928 1826 hoc
1957 1801 2035 1825 uno
2053 1787 2137 1826 Deo
2165 1797 2251 1826 sunt
2270 1790 2400 1827 omnia
2417 1818 2428 1838 ‚
2459 1790 2492 1827 i-

1377 1837 1543 1887 nutiles,
1574 1838 1608 1874 &
1637 1842 1937 1890 supervacanei,
1967 1841 2136 1893 adeoque
2156 1843 2309 1891 inanes,
2339 1841 2373 1877 &
2401 1841 2492 1881 falsi

1378 1900 1461 1929 sunt
1490 1890 1704 1930 Gentilium
1733 1892 1816 1930 dii.

1433 1945 1497 1996 75.
1527 1944 1603 1982 Ob.
1632 1945 1823 1983 secundo.
1852 1944 1893 1984 S.
1914 1945 2077 1984 Basilius
2096 1947 2206 1997 epist.
2234 1945 2330 1984 olim
2349 1946 2492 1986 CXLI.

1376 2010 1478 2035 nunc
1494 1997 1600 2035 VIII.
1621 2006 1770 2050 aperte,
1791 1997 1825 2035 8<
1840 2000 2033 2052 conceptis
2047 1998 2175 2039 verbis
2195 2007 2325 2052 negat,
2354 1999 2491 2039 Deum

1379 2063 1465 2088 esse
1492 2063 1660 2089 numero
1689 2064 1835 2090 unum.

1435 2103 1498 2155 76.
1531 2103 1644 2156 Resp.
1672 2120 1695 2142 a
1718 2104 1759 2142 S.
1780 2104 1923 2143 Basilio
1948 2106 2104 2143 nomine
2132 2108 2298 2143 unitatis
2325 2104 2494 2158 intelligi

1379 2161 1567 2196 unionem
1588 2156 1622 2193 ἀ
1641 2170 1686 2194 ex
1706 2158 1880 2210 partibus
1898 2159 2212 2210 compositionem
2224 2187 2234 2206 ,
2266 2159 2392 2210 qualis
2410 2172 2495 2197 cer·-

1377 2218 1413 2248 te
1442 2211 1481 2249 in
1509 2210 1593 2249 Deo
1620 2224 1698 2249 non
1726 2220 1806 2249 est.
1835 2211 1897 2249 En
1926 2210 2009 2262 ejus
2038 2211 2178 2249 verba:
2223 2209 2408 2249 Ceterum
2438 2208 2509 2249 αάς

1379 2276 1445 2301 eos
1462 2293 1473 2312 ,
1502 2269 1568 2315 qui
1595 2272 1675 2302 tres
1691 2263 1799 2302 Deos
1819 2262 1929 2302 nobis
1958 2262 2202 2314 exprobrant
2218 2293 2229 2312 ,
2259 2264 2353 2302 illud
2382 2263 2494 2302 dica-

1380 2324 1471 2365 tur,
1499 2329 1625 2355 unum
1655 2330 1729 2355 nos
1751 2316 1885 2354 Deum
1902 2347 1913 2366 ‚
1941 2329 2024 2354 non
2052 2330 2220 2355 numero
2236 2346 2257 2365 ,⁷
2276 2316 2345 2355 sed
2372 2325 2493 2355 natu-

1378 2382 1428 2407 ra
1457 2370 1670 2422 confiteri:
1698 2369 1883 2422 quidquid
1911 2373 2020 2408 enim
2048 2383 2173 2408 unum
2202 2382 2368 2409 numero
2396 2369 2494 2408 dict-

1379 2431 1469 2471 tur‚
1498 2423 1539 2460 id
1567 2436 1691 2460 unum
1719 2436 1807 2462 vere
1834 2436 1917 2461 non
1945 2432 2031 2471 est,
2061 2436 2189 2475 neque
2216 2432 2368 2461 natura
2395 2426 2492 2461 sim—

1379 2476 1474 2526 plex
1490 2501 1501 2514 .
1530 2475 1666 2515 Deum
1687 2485 1824 2514 autem
1844 2477 2090 2528 simplicem,
2119 2478 2168 2518 (²9⁴
2185 2480 2492 2527 incompositum

1371 2527 1562 2581 fatentur
1576 2542 1731 2568 omnes:
1747 2543 1829 2567 non
1844 2533 1961 2582 igitur
1974 2543 2075 2567 unus
2089 2543 2268 2579 numero,
2289 2538 2346 2567 est
2366 2528 2497 2569 Deus.

1440 2597 1504 2634 77.
1534 2583 1611 2621 Ob.
1640 2584 1748 2621 tertio
1776 2592 1907 2621 contra
1936 2584 2126 2635 primam,
2157 2583 2191 2619 St
2211 2583 2415 2621 secundam
2432 2596 2495 2620 ra·

1380 2636 1548 2684 tionem,
1590 2650 1679 2689 quae
1709 2636 1922 2687 praecipuae
1951 2644 2061 2674 sunt.
2107 2635 2323 2673 Christiana
2357 2635 2496 2686 religio

1382 2697 1455 2727 tres
1470 2702 1547 2728 esse
1567 2689 1767 2728 confitetur
1785 2689 1936 2727 divinas
1951 2686 2132 2726 Personas
2147 2718 2158 2736 ,
2187 2688 2366 2740 quamvis
2384 2701 2494 2740 quae-

1383 2742 1478 2780 libet
1504 2756 1637 2780 earum
1665 2743 1711 2780 sit
1730 2740 1877 2780 infinite
1905 2741 2087 2793 perfecta:
2118 2754 2208 2793 ergo
2227 2740 2357 2793 plures
2377 2742 2494 2779 etiam

1383 2803 1584 2847 potuerunt
1612 2808 1688 2834 esse
1707 2795 1799 2842 Dii,
1829 2795 2006 2847 quamvis
2033 2793 2199 2847 quilibet
2226 2807 2358 2832 eorum
2388 2795 2434 2832 sit
2453 2807 2495 2831 o·-

1383 2849 1464 2886 mni
1485 2848 1762 2897 perfectionum
1781 2861 1915 2899 genere
1934 2847 2152 2886 cumulatus
2168 2873 2179 2885 .
2209 2845 2353 2885 Rursus
2371 2860 2495 2897 quan·

1385 2898 1504 2953 quam
1533 2910 1606 2940 tres
1633 2902 1777 2940 divinae
1799 2900 1972 2940 Personae
2001 2909 2083 2939 sunt
2112 2900 2262 2939 infinite
2290 2899 2494 2952 perfessae,

1386 2957 1485 2993 inter
1514 2967 1550 2992 se
1581 2963 1706 2992 tamen
1736 2955 1897 2992 realiter
1924 2954 2231 3004 distinguuntur:
2259 2966 2349 3006 ergo
2377 2953 2494 2992 etiam

1386 3007 1515 3060 plures
1543 3008 1598 3046 dii
1626 3006 1778 3047 realiter
1806 3007 1984 3057 distingui
2013 3014 2215 3058 poterunt.

2374 3058 2440 3111 78.

1382 3139 1524 3178 basset,
1562 3137 1737 3172 concludit
1754 3159 1765 3178 ‚
1796 3150 1853 3172 eos
1877 3137 2062 3170 veritatem
2097 3149 2180 3180 pene
2206 3137 2383 3176 tenuisse,
2421 3137 2494 3168 nisi

1382 3198 1442 3218 eos
1468 3193 1650 3217 retrorsum
1687 3185 1859 3230 infatuata
1883 3187 1998 3227 pravis
2034 3185 2250 3226 opinionibus
2286 3183 2494 3216 consuetudo

1384 3234 1581 3272 rapuisset:
1628 3244 1690 3274 qua
1726 3237 1766 3265 Θ
1792 3230 1888 3263 Deos
1925 3231 2015 3263 alios
2052 3243 2129 3263 esse
2160 3231 2406 3274 opinabantur,
2449 3230 2490 3259 (9⁴

1383 3291 1451 3317 ea,
1488 3290 1552 3320 quae
1579 3280 1614 3309 in
1639 3290 1731 3310 usum
1757 3278 1903 3310 hominis
1930 3274 2026 3309 Deus
2043 3276 2165 3320 fecit,
2204 3286 2355 3321 tanquam
2391 3285 2494 3306 sensa

1381 3324 1526 3370 praedita
1551 3332 1687 3366 essent,
1712 3337 1772 3369 pro
1791 3322 1878 3357 Diis
1896 3323 2048 3357 habenda
2066 3328 2107 3357 (θ’
2119 3325 2269 3360 colenda
2288 3321 2494 3357 credebant.
