2577 3633
302 176 382 215 126

238 257 346 287 terrae
376 245 553 285 Israelitis
594 245 705 283 factae
737 244 856 283 Levit.
879 244 1025 283 XXVI.
1055 245 1085 281 si
1129 246 1168 282 in
1196 258 1339 296 praece-

240 303 309 351 ptis
337 300 410 337 Dei
440 298 721 346 ambulassent,
767 297 925 350 ejusque
966 297 1140 335 mandata
1178 298 1340 335 custodi-

240 355 402 396 vissent3
432 360 512 387 tuin
541 352 806 401 promissiones
835 352 945 388 factae
974 349 1130 396 David,
1167 349 1203 385 8(
1231 350 1336 388 Salo-

233 405 362 450 moni,
409 403 509 455 quod
552 402 627 441 filii
655 416 788 441 eorum
831 403 1022 452 regnaturi
1065 411 1334 454 esseutrsuper

235 456 415 494 thronum
445 455 558 494 lsrael
587 470 706 508 usque
734 457 775 494 in
804 456 1105 505 sempiternum,
1125 481 1130 484 -
1152 457 1182 493 si
1210 455 1333 507 legem

233 508 316 558 ejus
352 518 583 547 servassent.
630 509 798 547 Ulterius
825 507 981 545 Daniel.
1002 507 1072 545 IX.
1114 509 1153 554 4.
1195 509 1333 546 dicitur

232 560 342 599 Deus
357 561 577 599 custodiens
604 569 763 612 pactum
784 559 1086 598 custodientibus
1107 561 1333 606 mandata,-

234 616 621 666 atqui'proinissiones
641 615 747 660 istae,
779 612 811 648 8(
842 623 950 665 pacta
979 622 1065 651 sunt
1086 616 1237 652 totidem
1267 616 1329 651 de-

232 676 333 705 creta
363 668 463 713 Dei,
492 666 662 704 absoluta
691 666 848 717 quidem
877 679 922 704 ex
950 676 1064 718 parte,
1085 668 1203 720 ipsius
1232 668 1331 716 Dei,

231 721 481 758 conditionata
525 728 649 755 autem
679 732 724 755 ex
754 728 861 770 parte
901 719 1061 769 objecti3
1108 721 1181 757 nisi
1207 721 1332 758 dicere

230 772 419 817 velimus,
456 771 583 808 Deum
611 784 688 809 non
718 785 805 809 vere
834 773 1074 824 promisisse,
1121 774 1183 811 sed
1215 774 1332 812 verba.

229 825 372 863 dedisse
402 824 556 871 inania,
586 824 689 876 quod
717 825 944 877 sacrilegum
972 835 1022 863 est
1051 828 1232 878 cogitare:
1273 840 1331 863 er-

233 888 280 927 go
308 875 378 915 &c-

285 928 378 975 264.
406 927 590 967 Praeterea
618 929 726 967 Deus
765 939 871 968 certo
912 930 1093 968 revelavit
1134 930 1332 983 Prophetae

230 980 359 1020 Eliseo
389 982 428 1027 4.
457 981 610 1033 Regum
639 982 746 1020 XIII.
764 1012 776 1031 ,
821 984 907 1021 Joas
936 997 1060 1034 regem
1090 984 1203 1021 Israel
1247 999 1330 1036 per-

230 1047 430 1072 cussurum
472 1035 586 1073 fuisse
615 1034 770 1087 Syriam
814 1050 930 1088 usque
960 1037 1006 1073 ad
1042 1039 1333 1075 consummatio-

229 1101 316 1125 nem
334 1117 344 1136 ,
374 1088 404 1126 si
434 1095 574 1124 terram
603 1086 732 1139 jaculo
759 1091 989 1141 quinquies,
1019 1090 1137 1126 sexies
1155 1119 1164 1137 ,
1195 1100 1258 1127 aut
1278 1104 1334 1126 se-

234 1142 330 1191 pties
351 1141 619 1192 percussisset3
648 1143 755 1192 atqui
784 1142 891 1179 nulla
912 1142 987 1179 alia
1008 1143 1102 1179 ratio
1132 1141 1246 1192 hujus
1275 1143 1336 1179 fu-

230 1193 310 1230 turi
338 1193 578 1231 conditionati
599 1193 726 1231 afferri
756 1204 897 1245 potest,
927 1195 998 1232 nisi
1020 1194 1092 1232 Dei
1120 1195 1335 1233 decretum.

234 1245 334 1292 Quae
365 1246 466 1282 enim
485 1275 496 1292 ,
543 1259 698 1296 quaeso,
745 1251 928 1284 connexio
954 1261 1031 1284 esse
1069 1257 1209 1298 poterat
1240 1250 1336 1286 inter

235 1298 493 1336 conditionem
523 1297 555 1334 8<
585 1308 761 1336 eventum
790 1299 903 1350 hujus
940 1301 1021 1347 rei,
1068 1302 1142 1338 nisi
1170 1301 1245 1338 Dei
1273 1302 1336 1339 de-

227 1349 406 1389 cretum?
436 1363 524 1400 ergo
551 1350 626 1387 διο.

284 1402 376 1441 265.
405 1401 591 1439 Eamdem
622 1403 816 1440 veritatem
846 1403 1014 1455 explicat
1041 1406 1155 1443 etiam
1185 1406 1227 1444 S,
1256 1406 1337 1444 Th.

225 1455 268 1492 in
297 1455 327 1491 I.
358 1453 467 1491 Sent.
497 1453 582 1490 dist.
603 1454 667 1498 46.
696 1469 763 1506 qu.
791 1469 823 1503 1,
853 1466 924 1493 art.
953 1470 984 1494 1.
1005 1458 1052 1494 ad
1075 1471 1110 1495 2.
1141 1460 1333 1509 inquiens:

227 1507 407 1544 voluntas
423 1505 664 1543 antecedens
691 1517 815 1557 potest
836 1509 912 1545 clici
928 1510 1201 1548 conditionata
1218 1541 1228 1559 ,
1258 1525 1333 1550 nec

226 1569 368 1597 tamen
398 1568 455 1595 est
491 1558 740 1610 imperfectio
767 1573 820 1597 ex
846 1570 961 1611 parte
1003 1563 1210 1601 voluntatis
1239 1564 1332 1603 divt-

224 1625 292 1648 noe
309 1642 319 1660 ,
349 1611 418 1648 sed
437 1625 489 1649 ex
515 1621 631 1661 parte
645 1613 747 1650 rolin·
763 1643 774 1661 ,
803 1615 905 1665 quoti
933 1629 1011 1652 non
1033 1620 1223 1667 accipitur
1238 1631 1329 1656 cunz

227 1664 407 1702 omnibus
437 1669 775 1714 circumstantiis,
817 1681 905 1718 quoe
934 1673 1147 1720 exiguntur
1183 1670 1237 1708 ad
1266 1685 1328 1710 re-

225 1727 335 1755 ctum
362 1717 541 1755 ordinem
571 1722 612 1754 ὶη
641 1720 811 1756 salutem
829 1745 842 1757 .

281 1770 371 1808 266.
400 1769 655 1807 corollarium
673 1796 685 1807 .
731 1770 859 1807 Semel
887 1786 931 1809 ac
959 1773 1027 1809 ista
1061 1773 1210 1812 decreta
1239 1788 1329 1813 con-

230 1823 432 1859 stituantur
460 1823 501 1859 in
530 1821 639 1868 Deo,
670 1831 709 1859 ut
739 1824 861 1874 reipsa
890 1826 1067 1862 constitui
1095 1826 1258 1874 dehent,
1287 1841 1328 1864 o-

226 1887 330 1926 perae
361 1874 601 1924 dispendium
631 1884 745 1923 esset,
793 1874 913 1914 multa
942 1876 1075 1914 afferre
1115 1879 1164 1916 ad
1204 1888 1326 1918 osteu-

226 1927 393 1964 <lendum
411 1955 421 1973 ,
451 1928 488 1963 in
519 1927 564 1963 iis
585 1927 742 1965 decretis
771 1928 896 1965 futura
925 1931 1175 1969 conditionata
1205 1947 1226 1970 a
1247 1933 1330 1971 Deo

228 1980 424 2030 cognosci.
468 1979 572 2016 Deus
600 1981 700 2017 enim
729 1994 835 2018 suam
865 1981 1094 2021 voluntatem
1133 1985 1324 2035 perfectis·

229 2033 323 2068 sime
351 2030 699 2082 comprehendens,
747 2047 789 2069 ea
817 2035 946 2071 omnia
975 2040 1188 2085 cognoscit,
1236 2052 1325 2090 quae

230 2083 280 2121 ab
310 2083 477 2133 ejusdem
508 2085 646 2121 divinae
678 2084 884 2123 voluntatis
910 2087 1069 2124 decretis
1095 2089 1328 2140 dependent.

285 2136 375 2187 267.
405 2136 478 2173 Ob.
509 2138 633 2186 primo
649 2162 659 2174 .
690 2137 850 2174 Decreta
865 2137 1083 2188 hujusmodi
1104 2154 1198 2180 nova
1218 2152 1304 2181 sunt
1321 2175 1332 2192 ,

229 2202 391 2239 quorum
422 2202 542 2238 neque
571 2190 609 2226 in
638 2191 752 2226 sacris
780 2189 941 2238 litteris,
979 2206 1100 2245 neque
1130 2196 1168 2231 iu
1199 2198 1334 2235 sanctis

231 2239 432 2288 Patribus,
462 2254 582 2291 neque
613 2243 653 2279 in
683 2243 851 2293 antiquis
880 2243 1088 2296 Theologis
1117 2246 1240 2285 ullum
1270 2263 1336 2287 ve-

231 2294 383 2344 stigium
413 2302 491 2330 est.
522 2293 707 2332 Praeterea
728 2295 878 2333 inutilia
895 2306 1005 2344 sunt,
1036 2312 1124 2336 cum
1153 2302 1335 2339 conditio-

233 2359 296 2383 nes
325 2345 546 2393 involvant,
590 2361 679 2398 quae
708 2362 904 2400 nunquam
934 2360 1149 2401 ponentur.
1207 2353 1336 2392 Tertio

231 2398 400 2437 illusoria
418 2428 428 2446 ,
459 2399 492 2434 &
522 2402 716 2450 nugatoria
745 2402 947 2450 videntur,
976 2417 1066 2440 cum
1094 2406 1176 2456 ipsa
1206 2408 1336 2446 condi-

233 2452 283 2487 zio
311 2466 333 2489 a
364 2452 444 2489 Deo
472 2452 694 2490 decernente
723 2455 958 2506 dependeat,
987 2458 1054 2508 qui
1083 2471 1167 2496 eam
1198 2472 1335 2510 ponere

230 2517 308 2542 non
337 2505 446 2550 vult3
496 2506 652 2556 perinde
689 2520 733 2544 ac
763 2509 792 2545 si
823 2509 907 2559 quis
949 2509 1111 2547 diceret:
1157 2513 1238 2550 folo
1268 2514 1333 2551 tibi

232 2567 391 2594 centum
422 2570 564 2594 aureos
594 2558 773 2608 donare,
804 2565 837 2597 st'
865 2575 929 2598 eos
950 2561 1016 2599 tibi
1043 2564 1335 2617 pollicitusj'ue-

232 2621 276 2646 ro
294 2624 309 2652 ;
336 2609 511 2660 polliceri
541 2621 665 2648 autem
696 2613 865 2651 absolute
894 2615 1011 2652 nolit.
1059 2616 1152 2654 Sunt
1180 2619 1335 2657 demum

233 2663 553 2708 contradictoria3
600 2664 706 2703 Dens
735 2668 834 2704 enim
865 2667 979 2705 vellet
1020 2681 1078 2706 ex.
1107 2683 1165 2721 gr.
1194 2671 1333 2722 Tyrio-

232 2727 320 2751 rum
349 2717 632 2754 conversionem
655 2747 665 2766 ,
713 2719 784 2756 sub
813 2721 1025 2759 conditione
1067 2725 1167 2774 quod
1194 2725 1334 2763 Clu-isti

232 2767 423 2804 miracula
452 2768 649 2817 viderent,
696 2773 903 2824 eodemque
933 2783 1125 2825 tempore,
1173 2776 1206 2812 8(
1248 2788 1333 2815 actu

234 2833 317 2855 eam
348 2818 489 2868 nollet,
519 2820 648 2860 nolens
676 2825 862 2862 miracula
882 2826 1022 2865 Christi
1052 2830 1153 2880 apud
1181 2844 1238 2867 eos
1266 2831 1335 2868 fie-

237 2872 294 2908 ri:
325 2886 412 2923 ergo
441 2872 509 2910 &c-

293 2923 381 2961 268.
413 2925 523 2977 Resp.
552 2925 725 2965 Primum
756 2929 894 2968 falsum
925 2946 1028 2981 esse,
1065 2936 1152 2972 satis
1182 2936 1338 2988 probant

241 2988 335 3012 sacr.
365 2978 650 3028 Scripturarum
681 2981 788 3030 loca,
839 2984 873 3019 ἃ
902 2985 1022 3023 multo
1058 2988 1169 3039 plura
1192 3018 1202 3030 .,
1249 3004 1338 3041 quae

240 3027 538 3087 afferri-*possent
555 3062 565 3079 ,
595 3033 739 3072 scilicet
758 3039 887 3074 omnia
916 3038 983 3077 illa
1002 3070 1012 3087 ,
1043 3054 1087 3077 ex
1103 3032 1242 3093 quibus
1264 3045 1340 3081 Ad-

239 3092 394 3117 versarn
424 3087 493 3133 ipsi
522 3087 738 3136 ostendunt,
769 3090 896 3128 futura
926 3091 1009 3130 haec
1039 3096 1289 3133 conditionata
1318 3112 1340 3134 a

240 3131 323 3169 Deo
337 3138 525 3182 cognosci:
557 3142 728 3189 cognosci
743 3144 844 3179 enim
875 3157 951 3182 non
980 3158 1126 3198 possent
1155 3149 1229 3186 nisi
1261 3163 1342 3186 cer·

241 3193 281 3243 to
307 3184 435 3244 futura
465 3198 606 3234 essent3
654 3207 723 3229 nec
752 3205 851 3232 certo
883 3198 1009 3236 futura
1053 3213 1128 3237 esse
1158 3212 1341 3253 possunt,

246 3249 316 3273 nisi
363 3250 406 3273 ex
436 3238 582 3301 decreto
611 3242 681 3278 Dei
727 3247 986 3299 conjungentis
1030 3266 1157 3291 rerum
1186 3265 1340 3293 eventus

245 3302 335 3349 cum
363 3299 573 3348 counitione
591 3322 600 3339 ,
643 3299 963 3343 quemadmodum
994 3305 1226 3356 explicatum
1254 3319 1306 3346 est
1327 3334 1338 3346 .

244 3341 308 3379 διο
335 3351 476 3392 pariter
503 3346 619 3384 sancti
647 3345 770 3387 Patres
787 3378 798 3397 ,
841 3363 1021 3405 quotquot
1050 3359 1134 3396 haec
1162 3360 1288 3400 futura
1315 3376 1343 3400 a·

968 165 1366 210 DJSSERTATIO
1397 167 1477 209 IV.
1512 165 1638 210 CAP.
1663 165 1744 208 XI.

1406 247 1489 284 Deo
1516 245 1685 296 cognosci
1714 249 1974 290 asseruerunt,
2010 243 2198 297 implicite
2226 246 2357 286 saltem
2388 249 2505 289 etiam

1406 300 1533 338 divina
1562 300 1710 334 decreta
1739 295 1908 332 confiteri
1929 295 2168 346 debuerunt,
2197 302 2404 352 exquibus
2433 301 2504 342 illa

1405 366 1514 390 suam
1534 350 1793 387 futuritionem
1809 348 2100 387 conditionatam
2115 352 2316 391 desumunt
2331 381 2341 392 .
2371 355 2504 402 Quan-

1400 416 1480 444 tum
1502 405 1666 441 ¹demum
1694 401 1742 438 ad
1762 399 1998 451 Theologoe,
2028 400 2068 439 Ρ.
2090 403 2306 456 Henriquez
2332 409 2372 444 in
2401 408 2504 446 libro

1401 459 1448 496 <te
1477 457 1614 494 ultimo
1629 453 1725 506 fine
1752 452 1920 491 hominis
1949 468 1984 492 c.
2005 454 2044 500 4.
2073 469 2112 493 n.
2137 469 2176 493 2.
2202 466 2404 510 postquam
2434 461 2502 500 ho-

1401 525 1486 549 rum
1503 511 1738 546 decretorum
1764 507 2022 545 necessitatem
2037 509 2249 546 ostendisset
2266 540 2276 558 ,
2297 511 2504 565 plusquam

1403 578 1465 602 20.
1496 561 1707 611 Theologos
1732 569 1921 609 recenset,
1968 563 2036 613 qui
2064 575 2148 599 eam
2178 563 2410 612 admittunt.
2457 566 2501 604 P.

1400 626 1525 654 autem
1556 616 1680 651 Gouet
1722 614 1761 650 in
1795 612 1940 664 Clypeo
1979 613 2109 652 Theoi.
2156 614 2297 653 Thom.
2335 614 2506 668 disp-'54

1399 683 1486 720 cap.
1508 681 1544 705 2.
1575 666 1612 717 ᾗ.
1636 667 1672 703 5.
1703 680 1746 703 ea
1775 666 1969 705 nonnullis
1994 669 2112 705 etiani
2131 668 2336 707 Molinistis
2364 671 2505 722 proba-

1400 731 1434 760 ta
1463 722 1603 767 fuisse,
1633 719 1819 757 ostendit.

1455 774 1544 824 269.
1576 774 1634 810 Ad
1662 773 1868 809 secundum
1887 798 1897 810 .
1927 772 2088 811 Etiamsi
2108 787 2191 812 -non
2219 776 2364 813 noctuis
2394 777 2505 815 simi-

1398 827 1453 865 les
1482 826 1617 863 horum
1648 827 1883 862 decretorum
1914 825 2114 863 utilitatem
2143 840 2218 864 non
2257 829 2472 867 videremus
2493 859 2507 879 ‚

1399 880 1499 917 male
1527 889 1653 916 tamen
1683 879 1768 915 inde
1797 877 2060 928 colligeretur,
2089 893 2133 917 ea
2162 893 2239 916 esse
2268 881 2392 931 reipsa
2419 883 2507 919 inu·

1398 934 1480 970 tilia
1497 958 1508 970 .
1537 932 1766 970 Decreverat
1785 931 1890 969 Deus
1918 933 2105 982 integram
2135 934 2335 970 victoriam
2364 933 2410 970 de
2430 933 2506 986 Sy-

1399 986 1467 1023 riis
1495 986 1572 1035 regi
1601 984 1688 1022 Joas
1716 984 1909 1032 tribuere,
1951 986 1982 1022 si
2011 993 2150 1022 terram
2178 986 2319 1034 sexies,
2359 985 2420 1025 vel
2449 982 2506 1025 sess

1400 1040 1492 1088 pties
1522 1037 1650 1087 jaculo
1670 1039 1935 1088 percussisset,
1964 1044 2079 1089 quem
2101 1040 2249 1076 nonnisi
2278 1048 2333 1075 ter
2353 1052 2507 1090 percus·

1401 1103 1533 1127 surum
1554 1103 1629 1127 esse
1650 1090 1789 1126 sciebat
1806 1116 1816 1127 .
1847 1090 2077 1129 Decreverat
2094 1120 2104 1137 ,
2135 1092 2336 1142 nepotibus
2357 1093 2508 1141 David,

1404 1143 1437 1178 δι
1466 1142 1680 1180 Salomonis
1709 1141 1888 1179 thronum
1918 1143 2030 1180 Israel
2059 1147 2289 1192 concedere,
2318 1145 2350 1182 si
2380 1144 2505 1197 legem

1403 1204 1635 1243 servassent,
1682 1209 1800 1246 quam
1830 1209 1890 1232 eos
1918 1209 1993 1232 non
2021 1207 2228 1234 servaturos
2256 1206 2358 1234 certo
2386 1211 2503 1236 nove-

1404 1258 1481 1286 rat.
1528 1248 1783 1294 Decreverat‚
1814 1248 2020 1285 infantibus
2049 1250 2278 1299 quibusdam
2307 1251 2466 1300 gratiam
2490 1281 2504 1300 ‚

1403 1302 1437 1338 &
1465 1301 1630 1353 gloriam
1659 1301 1852 1348 conferre,
1898 1301 1929 1337 si
1957 1301 2006 1337 ad
2033 1300 2270 1353 baptismum
2297 1304 2506 1354 suscipien-

1403 1355 1494 1392 dum
1525 1355 1790 1405 pervenirent,
1819 1354 1868 1391 ad
1896 1367 2010 1405 quem
2032 1362 2159 1391 tamen
2185 1367 2230 1390 ex
2259 1354 2511 1393 inscrutabili·

1401 1407 1636 1458 judiciorum
1663 1419 1816 1443 suorum
1847 1407 1983 1458 abysso
2011 1406 2164 1444 nolebat
2191 1420 2253 1444 eos
2280 1409 2512 1458 pervenire;

1401 1459 1436 1495 &
1464 1462 1517 1498 sic
1546 1460 1591 1496 de
1620 1461 1778 1497 ceteris.
1808 1460 1937 1506 Quare
1957 1473 1999 1497 ea
2028 1460 2261 1508 decreverit,
2289 1473 2379 1512 quae
2407 1474 2509 1500 nun-

1400 1527 1519 1565 quam
1549 1513 1702 1550 evenire
1731 1513 1946 1561 debebant,
1975 1514 2055 1565 ipse
2083 1512 2185 1550 solus
2212 1514 2345 1551 novit.

1456 1579 1546 1617 270.
1575 1566 1667 1603 Dici
1697 1574 1821 1603 tamen
1853 1575 1968 1616 potest
1999 1565 2239 1616 promodulo
2266 1574 2393 1603 nostro
2421 1567 2509 1604 inu-

1398 1618 1481 1657 tilia
1510 1632 1583 1656 non
1612 1633 1688 1656 esse
1720 1617 1940 1669 hujusmodi
1970 1619 2114 1655 decreta
2132 1647 2143 1666 ,
2173 1620 2264 1669 quia
2293 1618 2326 1653 ἃ
2348 1619 2420 1656 Dei
2441 1620 2510 1657 ho·

1396 1673 1554 1710 uitatem
1584 1685 1629 1709 ex
1658 1685 1735 1709 una
1765 1681 1899 1723 parte,
1931 1670 1964 1706 8<
1995 1670 2196 1708 hominum
2217 1671 2433 1709 libertatem
2462 1686 2511 1710 ac

1396 1725 1584 1761 malitiam
1601 1737 1646 1760 ex
1663 1723 1780 1761 altera
1798 1724 2048 1761 manifestant.
2065 1723 2116 1761 Ut
2131 1723 2284 1776 quando
2301 1724 2513 1776 Deuspro-

1395 1777 1499 1812 misit
1528 1775 1752 1821 Abraham,
1782 1789 1820 1811 se
1849 1777 2087 1825 parciturum
2115 1777 2345 1823 Sodomitis,
2376 1779 2406 1815 si
2440 1778 2508 1814 de-

1395 1840 1477 1864 cem
1499 1827 1632 1865 saltem
1660 1826 1751 1878 justi
1780 1828 1878 1864 inter
1919 1839 1979 1864 eos
2008 1827 2167 1864 fuissent
2196 1828 2335 1865 Genes.
2357 1829 2509 1867 XVIII.

1395 1894 1617 1934 quanquam
1649 1879 1766 1932 probe
1795 1880 1963 1927 sciebat,
1992 1880 2123 1918 decem
2157 1880 2213 1917 ibi
2242 1879 2358 1931 justos
2389 1882 2510 1919 mini-

1393 1947 1454 1970 me
1476 1935 1664 1972 inveniri.

1449 2000 1539 2038 271.
1572 1987 1627 2024 Ad
1656 1988 1807 2023 tertium
1825 2012 1834 2023 .
1883 1983 2001 2022 Nullo
2028 1994 2139 2037 pacto
2167 1987 2391 2038 nugatoria,
2440 1987 2504 2026 vel

1393 2038 1568 2078 illusoria
1598 2048 1683 2077 sunt
1713 2038 1798 2076 haec
1826 2039 2000 2084 decreta3
2038 2048 2090 2075 est
2117 2040 2221 2076 enim
2250 2053 2383 2078 eorum
2413 2053 2508 2079 con-

1399 2092 1493 2129 ditio
1521 2091 1691 2130 absolute
1721 2091 1937 2144 possibilis,
1967 2100 2006 2128 ut
2034 2105 2125 2129 cum
2151 2092 2330 2130 Israelitis
2360 2094 2504 2144 promi-

1399 2146 1446 2181 sit
1477 2154 1584 2183 terrae
1615 2146 1852 2196 ubertatem,
1882 2146 1912 2182 si
1943 2145 2118 2188 mandata
2147 2143 2230 2195 ejus
2258 2146 2512 2194 custodirent,

1403 2197 1436 2232 8<
1466 2199 1642 2236 omnibus
1673 2201 1789 2235 vitam
1819 2208 1998 2235 aeternam
2016 2227 2027 2244 ,
2074 2199 2104 2234 si
2133 2198 2173 2234 in
2203 2197 2347 2247 justitia
2389 2211 2511 2250 usque

1403 2251 1448 2287 ad
1479 2251 1594 2288 finem
1626 2253 1969 2303 perseveraverint.
2018 2249 2117 2296 Quis
2146 2251 2249 2287 enim
2280 2254 2505 2301 negaverit,

1402 2303 1469 2341 iias
1499 2305 1726 2342 conditiones
1755 2318 1830 2340 esse
1860 2301 2085 2355 possibiles?
2127 2303 2250 2340 Immo
2280 2312 2318 2340 ut
2346 2304 2508 2355 possibi-

1404 2355 1454 2393 les
1483 2359 1583 2404 sint,
1630 2358 1734 2394 Deus
1763 2357 1905 2393 auxilia
1947 2369 2024 2393 suae
2054 2357 2187 2406 gratiae
2215 2369 2284 2407 pro
2323 2357 2505 2396 omnibus

1404 2411 1660 2461 praeparavit,
1692 2410 1723 2445 8<
1753 2410 1931 2446 omnibus
1960 2408 2066 2445 offert
2084 2434 2095 2445 .
2124 2407 2313 2459 Exempla
2342 2419 2469 2447 autem
2492 2438 2506 2458 ‚

1403 2477 1490 2512 quae
1520 2462 1727 2499 afferuntur
1756 2462 1804 2498 ab
1828 2463 2088 2509 Adversariis,
2117 2473 2189 2498 non
2215 2462 2366 2499 suntad
2396 2475 2502 2508 rem3

1384 2517 1540 2566 *partim
1571 2518 1662 2566 quia
1694 2514 1918 2566 plerumque
1940 2524 2023 2552 sunt
2051 2515 2097 2551 de
2116 2514 2395 2551 conditionibus
2425 2516 2499 2552 im-

1403 2568 1647 2617 possibilibus
1665 2598 1675 2615 ,
1706 2568 1843 2620 partim
1873 2570 1965 2618 quia
1993 2581 2082 2604 cum
2111 2566 2282 2604 homines
2308 2569 2381 2604 sint
2411 2581 2502 2605 cau-

1404 2635 1453 2657 sae
1484 2621 1756 2672 particulares,
1806 2633 1878 2656 non
1908 2619 2026 2656 solent
2054 2619 2203 2671 aliquid
2232 2620 2473 2657 considerare
2494 2648 2508 2667 ‚

1404 2683 1467 2711 aut
1497 2673 1623 2722 velle,
1673 2675 1743 2711 nisi
1773 2672 1967 2720 absolute,
2012 2672 2045 2707 ἃ
2087 2680 2397 2722 consequenter,
2440 2686 2508 2709 sen

1403 2729 1548 2764 attentis
1574 2727 2088 2765 omnibuscircumstantiis,
2119 2724 2223 2762 Deus
2254 2737 2369 2772 vero,
2399 2733 2510 2777 utpo-

1402 2789 1436 2816 te
1465 2794 1576 2818 causa
1609 2778 1855 2826 universalis,
1886 2778 2005 2816 multa
2026 2777 2106 2816 vult
2135 2777 2443 2824 antecedenter,
2461 2777 2507 2824 ,ὃς

1404 2834 1677 2881 conditionate,
1707 2847 1794 2885 quae
1824 2832 1993 2870 absolute
2011 2862 2021 2879 ‚
2069 2830 2103 2866 &
2132 2831 2404 2881 consequenter
2431 2842 2511 2868 uon

1405 2885 1511 2931 vult3
1543 2896 1580 2921 ut
1612 2889 1652 2925 in
1679 2888 1853 2938 proxima
1886 2886 2031 2923 dissert.
2060 2886 2105 2922 de
2135 2882 2324 2922 voluntate
2354 2881 2511 2920 uberius

1405 2939 1638 2977 ostendemus
1655 2965 1667 2977 .

1464 3004 1554 3042 272.
1585 2993 1641 3029 Ad
1679 2991 1749 3030 ult.
1780 2992 1879 3029 Duae
1922 2991 2130 3029 voluntates
2175 2988 2426 3036 antecedens,
2473 2987 2510 3024 8:

1412 3056 1640 3096 consequens
1655 3060 1782 3082 secum
1802 3048 1891 3097 ipsis
1911 3058 1981 3081 non
2010 3050 2199 3093 pugnant,
2229 3055 2318 3078 cum
2342 3041 2510 3080 habeant

1407 3096 1599 3147 objectum
1619 3099 1838 3144 diversum3
1869 3099 1991 3149 prima
2020 3096 2122 3131 enim
2154 3095 2272 3131 fertur
2300 3096 2338 3131 in
2369 3108 2447 3132 rem
2470 3095 2511 3131 in

1407 3164 1471 3195 se,
1502 3151 1534 3186 &c
1565 3152 1663 3188 nude
1684 3161 1915 3204 spectatam,
1943 3146 2001 3184 vel
2031 3149 2143 3184 etiam
2174 3147 2245 3184 sub
2273 3147 2508 3199 quibusdam

1408 3203 1716 3252 conditionibus,
1758 3204 1829 3241 sub
1859 3201 1998 3254 quibus
2030 3199 2140 3238 habet
2169 3202 2352 3238 rationem
2382 3200 2472 3237 boni
2495 3227 2506 3245 ,

1407 3254 1440 3290 ἃ
1471 3256 1664 3302 volibili33
1709 3256 1827 3293 altera
1855 3264 1980 3292 autem
2011 3255 2129 3290 fertur
2159 3255 2197 3291 in
2228 3267 2306 3290 rem
2337 3255 2506 3291 circum-

1406 3309 1573 3345 vestitam
1604 3310 1783 3346 omnibus
1811 3310 1886 3345 suis
1907 3308 2226 3344 circumstantiis.
2258 3307 2360 3344 Idem
2391 3304 2506 3349 estlde

1404 3361 1559 3400 decretis
1588 3363 1867 3407 conditionatis3
1914 3362 2042 3400 futura
2069 3362 2174 3399 euim
2216 3359 2469 3399 conditionata
2491 3385 2503 3403 ,

2369 3422 2457 3460 qllae

2558 3341 2562 3383 l
