2577 3633
793 97 1110 145 APPENDIX
1140 95 1223 146 DE
1258 95 1500 146 LIBERIO
1532 98 1584 146 R.
1616 100 1663 146 P.

52 182 212 224 Liberio
250 183 291 223 in
332 180 471 222 urbem
506 178 681 220 redeunti
722 182 907 232 populum
936 181 1168 219 Romanum

51 250 144 276 cum
171 237 319 292 gaudio
348 240 462 275 ivisse
490 235 673 280 obviam5
700 235 802 289 quod
831 249 918 273 saue
936 266 946 283 ‚
989 245 1028 273 ut
1057 249 1168 286 supe—

47 293 130 331 rius
158 306 268 330 num.
304 290 393 337 141.
422 288 741 338 observavimus,
778 287 1008 328 incredibile
1045 289 1167 337 foret,

51 346 83 384 si
114 345 291 385 Liberius
323 345 485 397 turpiter
506 343 660 382 Arianis
687 345 807 383 victas
835 357 969 381 manus
989 342 1170 380 dedisset.

111 398 200 444 146.
229 398 404 437 Alterum
435 410 505 451 pro
534 398 683 436 Liberii
714 397 932 436 defensione
968 408 1172 449 argumen-

47 460 130 490 tum
160 451 326 491 trahitur
356 466 402 491 ex
430 450 583 490 silentio
611 451 652 490 S.
673 449 873 489 Phaebadii
890 481 901 499 ,
931 449 1087 503 Sulpitii
1106 449 1173 488 Se-

49 506 159 554 veri,
207 507 338 546 Sancti
366 503 611 558 Epiphanii,
654 504 925 558 aliorumque,
973 505 1041 557 qui
1084 516 1173 541 cum

49 559 178 598 multa
207 560 254 599 de
271 562 504 600 Ariauorum
527 558 706 599 violentia
725 567 904 607 narrent,
936 558 1174 610 potissimum

50 621 181 652 autem
211 615 258 652 de
286 612 536 652 infeliciOsii
558 613 741 665 Episcopi
759 612 1015 652 Cordubensis
1044 611 1174 664 lapsu,

52 666 176 705 altum
205 675 333 706 tamen
364 666 506 706 habent
536 667 582 705 de
601 666 749 706 Liberii
779 666 1098 720 praevaricatione
1125 666 1175 703 si-

47 720 209 759 lentium
243 721 337 771 (a).

113 773 202 826 147.
233 775 281 814 At
311 788 402 814 vero
430 777 518 829 quis
538 787 610 813 non
630 774 784 823 videat,
813 782 1080 826 argumentum
1102 769 1175 811 hoc

48 841 126 867 esse
155 831 378 881 negativum
396 859 407 878 ,
449 831 484 867 8c
513 843 592 868 non
620 830 750 880 magni
780 829 984 881 ponderis,
1023 828 1171 865 etiamsi

50 882 127 934 ipsi
155 896 232 922 11011
260 893 502 937 opponantur
517 891 743 935 argumenta
771 878 960 934 positiva?
990 881 1172 931 Suspica-

48 937 83 974 ri
114 937 218 976 enim
248 951 324 977 non
355 938 551 976 immerito
577 937 664 989 quis
684 937 843 988 poterit,
874 934 1044 972 laudatos
1064 934 1172 972 Scri-

47 998 174 1043 ptores
204 1004 248 1029 ex
278 993 344 1044 pio
373 991 569 1030 charitatis
598 989 737 1027 affectu
767 997 914 1026 tantum
944 988 1085 1025 summi
1104 987 1173 1025 Sa-

49 1044 211 1083 cerdotis
240 1047 387 1084 crimen
415 1045 565 1083 silentio
594 1056 769 1094 premere
798 1041 989 1087 voluisse3
1034 1043 1174 1093 praeci-

48 1112 124 1151 pue
154 1113 244 1136 cum
274 1106 402 1151 postea
431 1097 683 1150 poenitentia,
722 1105 835 1149 atque
875 1094 1034 1148 egregiis
1064 1096 1173 1134 factis

49 1161 128 1189 tam
160 1151 304 1190 foedam
334 1150 528 1189 maculam
550 1151 804 1196 abstersisset3
835 1151 1034 1202 praecipue
1053 1163 1174 1202 quan—

47 1205 96 1243 do
123 1204 346 1244 Concilium
378 1205 622 1243 Ariminense
651 1204 916 1256 improbavit,
954 1213 992 1240 ut
1022 1202 1062 1240 S.
1093 1203 1173 1241 Da-

46 1271 177 1298 masus
204 1267 355 1297 testatus
386 1267 461 1297 est.
492 1258 585 1296 Vid.
614 1271 719 1311 supr.
747 1271 858 1295 num.
896 1270 982 1294 110.
1012 1255 1174 1295 Videtur

47 1313 205 1365 quidem
227 1313 374 1351 obstare
394 1312 617 1364 exemplum
635 1312 716 1350 Osii
735 1343 744 1359 ,
774 1310 885 1362 cujus
906 1312 1173 1362 turpissimum

49 1364 203 1416 lapsum
232 1366 350 1404 iidem
372 1365 584 1418 Scriptores
615 1379 686 1404 non
715 1364 929 1411 siluerunt,
959 1378 1003 1402 ac
1034 1366 1172 1417 praeci-

52 1432 130 1471 pue
160 1418 323 1457 Sanctus
352 1418 594 1472 Epiphanius
616 1418 777 1457 Hoeresc'
800 1417 863 1471 73.
893 1418 1172 1456 Verumtamen

52 1471 209 1524 aliquod
240 1482 292 1510 est
321 1473 554 1520 discrimen3
582 1486 674 1512 nam
703 1474 830 1525 primo
851 1473 1022 1522 meritis,
1053 1472 1086 1508 8(
1114 1472 1174 1510 (11-

46 1526 191 1577 gnitate
221 1526 335 1564 031119
365 1535 443 1565 erat
472 1525 632 1566 Liberio
662 1526 783 1564 multo
812 1527 993 1564 inferior:
1036 1525 1174 1564 deinde

46 1580 94 1617 de
123 1580 204 1618 Osii
236 1581 499 1633 resipiscentia
528 1596 601 1619 non
632 1590 709 1618 tam
740 1590 841 1618 certo
870 1589 1038 1629 constat,
1078 1581 1174 1618 sicut

50 1633 97 1670 de
127 1632 324 1686 praeclaris
340 1634 488 1672 Liberii
510 1636 620 1686 gestis
650 1644 730 1686 post
759 1648 871 1672 suum
902 1636 1066 1672 reditum
1091 1631 1172 1685 (b).

48 1686 100 1724 Ut
131 1697 170 1725 ut
199 1696 326 1725 autem
357 1686 441 1726 haec
471 1689 576 1737 sint,
618 1688 814 1727 silentium
845 1688 1003 1725 illorum
1046 1699 1174 1726 aucto·-

48 1752 137 1778 1um
168 1739 369 1792 probabile
399 1741 556 1794 quidem
587 1741 773 1795 aliquod,
816 1754 891 1780 non
921 1753 1046 1779 autem
1091 1755 1173 1779 cer-

47 1803 130 1833 tum
161 1795 389 1833 innocentiae
419 1795 571 1835 Liberii
612 1805 885 1848 argumentum
927 1796 1172 1848 suppeditare

0 1877 2 1879 »
46 1856 169 1900 potest
184 1872 195 1885 ι

109 1899 196 1947 148.
229 1899 405 1941 Tertium
436 1912 705 1956 argumentum
743 1900 791 1941 ad
829 1900 1074 1955 purgandum
1105 1900 1172 1940 Li-

46 1953 202 1995 betium
232 1971 254 1994 a
285 1959 614 2010 praevaricationis
635 1957 904 2001 criminatione
925 1970 968 1993 ex
990 1970 1034 1994 eo
1062 1957 1173 1994 desu-

48 2010 104 2048 mi
134 2009 254 2058 solet,
285 2012 388 2064 quod
410 2011 668 2065 Apostolicam
699 2024 808 2050 suam
839 2010 976 2049 Sedem
1007 2011 1048 2048 in
1078 2025 1172 2062 pace

47 2074 170 2116 usque
199 2064 247 2102 ad
276 2073 437 2103 mortem
466 2067 701 2115 servaverit,
745 2065 859 2103 etiam
890 2074 1090 2117 postquam
1120 2064 1172 2102 A·

47 2117 252 2156 riminensi
282 2118 454 2157 Concilio
497 2120 698 2172 reprobato
733 2133 889 2157 omnem
931 2118 1172 2156 communio-

50 2182 137 2208 nem
169 2185 258 2208 cum
290 2172 442 2209 Arianis
483 2173 669 2224 abrupit.
719 2172 766 2209 At
796 2185 912 2219 vere,
955 2172 986 2208 si
1026 2171 1172 2208 nonnisi

50 2224 176 2276 pretio
206 2224 366 2275 per'fidae
397 2226 726 2276 praevaricationis
755 2224 886 2261 fuisset
915 2238 937 2260 a
955 2224 1174 2262 Constantio

51 2290 132 2315 suae
163 2276 253 2315 Sedi
283 2277 502 2325 restitutus,
533 2276 760 2316 incredibile
789 2290 941 2329 prorsus
970 2286 1048 2326 est,
1098 2291 1172 2317 non

51 2330 171 2368 fuisse
200 2331 339 2368 iterum
369 2329 419 2368 ab
450 2331 583 2369 eodem
612 2332 826 2370 Constantio
856 2345 875 2370 e
903 2345 971 2369 sua
991 2330 1088 2369 Sede
1109 2345 1172 2370 ex-

51 2384 247 2423 turbatum
268 2416 277 2432 ,
307 2394 505 2437 tamqnam
536 2385 786 2438 foedifragum
804 2411 815 2423 .

112 2439 200 2491 149.
231 2438 306 2477 Sed
338 2439 484 2491 primo,
515 2447 714 2477 certumne
734 2440 988 2492 undequaque
1004 2448 1078 2489 est,
1107 2437 1174 2478 Li-

50 2490 206 2530 berium
250 2501 329 2545 post
367 2504 474 2531 suam
518 2494 794 2532 revocationem
826 2493 959 2531 Romae
999 2495 1037 2532 in
1081 2508 1174 2546 pace

53 2559 205 2598 semper
234 2544 401 2584 sedisse?
429 2545 516 2585 Non
537 2547 694 2596 desunt,
724 2549 790 2600 qui
812 2547 990 2596 credant,
1020 2548 1174 2587 debuis-

51 2613 92 2638 se
122 2613 209 2637 euin
241 2602 280 2638 in
311 2599 507 2639 suburbiis
536 2600 686 2639 latitare
716 2602 801 2654 (c).
839 2602 988 2640 Deinde
1018 2617 1066 2640 an
1097 2615 1174 2640 non

51 2654 176 2705 potuit
205 2654 440 2693 Constantius
482 2654 580 2693 hanc
619 2655 824 2694 secundam
852 2656 1000 2694 Lib-etii
1043 2656 1175 2694 inobe-

51 2707 241 2745 dientiam
272 2707 546 2746 dissimulare?
593 2708 807 2748 Praesertim
845 2723 936 2748 cuin
977 2723 1054 2748 non
1085 2724 1174 2749 con-

51 2769 147 2810 stet,
191 2760 365 2814 aliquam
397 2765 696 2814 persecutionem
727 2764 844 2802 fuisse
872 2772 1013 2801 motam
1044 2774 1175 2802 contra

53 2813 183 2854 Patres
211 2817 499 2866 Ariminenses,
528 2818 596 2869 qui
625 2817 728 2856 male
757 2819 897 2857 factam
927 2817 1173 2871 subscriptio-

114 2940 159 2974 (α)
186 2939 303 2973 Sanct.
331 2937 538 2976 Phffbadius
576 2940 691 2974 medio
717 2939 778 2974 IV.
820 2940 946 2974 saeculo
983 2941 1018 2974 in
1053 2938 1177 2974 Galliis

58 2979 206 3016 florebat
222 3007 234 3024 ,
259 2989 291 3018 &
316 2987 474 3020 Concilio
499 2988 717 3020 Ariminensi
745 2988 926 3021 interfuit.
966 2989 1178 3021 Tractatum

61 3026 171 3061 edidit
198 3040 318 3065 contra
346 3034 522 3074 Arianos,
561 3036 621 3079 qui
647 3034 798 3068 habetur
825 3035 859 3067 in
887 3032 1001 3069 Temo
1030 3035 1088 3067 lV.
1115 3034 1178 3068 Bi-

59 3075 185 3108 blioth.
211 3089 299 3109 max.
328 3078 386 3110 Ss.
414 3079 549 3114 Parrum
577 3080 738 3125 Lugdun.
777 3079 921 3126 ejusque
953 3082 1114 3115 meminit
1142 3083 1176 3114 S.

59 3121 300 3166 Hieronymus
326 3123 362 3155 in
389 3125 502 3160 Catal.
529 3128 744 3173 Scriptorum
769 3140 844 3172 cap.
874 3128 950 3162 108.
993 3127 1084 3162 lllud
1110 3129 1177 3160 suit

61 3179 80 3201 a
108 3169 143 3200 S.
164 3167 353 3201 Phaebadio
378 3168 418 3202 de
433 3173 515 3206 Osio
537 3174 611 3218 jam
638 3176 736 3220 lapso
754 3175 920 3220 praeclare
946 3174 1102 3209 dictum.-
1133 3175 1174 3206 Sz'

57 3226 117 3258 90.
144 3219 244 3248 annis
273 3217 360 3249 male
387 3220 569 3261 credidit,
602 3231 682 3266 post
708 3233 765 3266 90.
805 3224 900 3256 illum
924 3232 1020 3256 recte
1047 3225 1175 3254 sentire

58 3274 125 3295 non
151 3264 308 3295 credam.
354 3263 635 3307 Lacrymabilem
661 3269 735 3303 Osii
763 3268 1089 3313 praevaricationem
1124 3277 1177 3300 et·-

58 3309 130 3343 iam
161 3306 363 3342 describunt
391 3310 560 3354 Sulpitius
584 3315 731 3350 Severus
751 3316 829 3350 Lib.
848 3317 894 3350 11.
918 3315 1018 3350 Hist.
1038 3316 1176 3356 Sacrae)

57 3357 92 3389 ὃ(
117 3356 152 3390 S·
179 3355 398 3401 Epiphanius
424 3356 558 3391 Haeresi
587 3361 643 3403 73·

2215 115 2296 167 143

1236 196 1327 219 119111
1356 192 1608 221 revocarunt.
1645 182 1726 223 Nec
1754 182 1990 227 Constantius
2017 186 2084 228 diu
2114 195 2353 244 supervixit3

1237 246 1407 275 mortuus
1455 244 1508 274 est
1549 239 1651 275 enim
1696 238 1845 279 11191119ι
1865 242 2076 282 Novembri
2119 248 2207 284 anni
2259 246 2352 287 561.

1299 291 1387 328 150.
1418 290 1614 329 Accedunt
1658 290 1814 332 demum
1845 297 1883 334 111
1912 297 2173 342 defensionem
2206 297 2355 341 Liberii

1238 342 1361 381 multa
1389 343 1549 382 laudum
1580 349 1791 396 praeconia,
1822 349 1964 401 quibus
1995 352 2065 388 fuit
2085 352 2265 393 aSanctis
2282 352 2350 395 Pa-

1240 396 1363 434 tribus
1380 427 1390 445 ,
1422 398 1626 436 Ambrosio
1657 403 1670 451 (
1693 401 1782 439 Lib.
1803 401 1870 441 Ill.
1901 402 1949 440 de
1973 400 2124 457 Virgc'n.
2145 421 2231 459 cap.
2258 422 2290 448 1.
2313 410 2352 459 ),

1241 449 1463 501 Epiphanio
1494 455 1508 503 (
1539 451 1700 491 Haeresi
1732 455 1794 506 75.
1826 470 1863 493 n.
1894 470 1931 494 2.
1962 457 2007 505 ),
2045 460 2184 497 Siricio
2216 461 2353 501 Roma-

1241 515 1292 540 no
1321 502 1500 542 Pontifice
1529 509 1543 557 (
1576 507 1614 544 in
1645 509 1753 560 epist.
1782 509 1830 547 ad
1852 510 2046 549 Himerim
2077 512 2119 562 ),
2151 513 2184 549 8(
2212 511 2354 556 Basilio

1244 558 1259 606 (
1289 557 1399 607 epist.
1433 559 1494 607 74.
1526 560 1540 607 )
1573 561 1814 601 celebratus.

1303 610 1390 648 151.
1421 611 1696 654 Verumtamen
1715 647 1725 664 ,
1756 616 1903 656 etiamsi
1934 617 2114 658 Liberius
2143 618 2271 660 'fuisset
2299 620 2355 663 Ia.

1243 676 1356 716 psus,
1387 662 1452 701 has
1481 679 1611 706 omnes
1639 668 1770 709 laudes
1798 674 2025 723 promeritus
2046 684 2097 712 est
2117 685 2270 728 propter
2290 692 2355 722 ea,

1241 730 1331 770 quae
1361 726 1447 756 ante
1476 717 1653 771 lapsum,
1698 723 1732 759 &
1761 735 1840 777 post
1869 729 2170 779 resipiscentiam
2207 723 2358 784 egregia.

1241 772 1444 824 praestitit.
1475 772 1572 810 Sane
1599 775 1645 812 de
1674 775 1780 829 lapsu
1813 779 2009 818 Vincentii
2035 782 2213 834 Capuani
2241 799 2355 824 nemo

1241 825 1416 874 dubitat,
1463 826 1555 864 dum
1586 829 1625 865 in
1655 830 1826 870 Concilio
1856 834 2063 873 Arelatensi
2093 836 2275 877 violentia
2305 842 2358 878 A—

1239 880 1435 918 rianorum
1464 879 1699 921 damnationi
1729 885 1858 924 Sancti
1880 887 2074 928 Athanasii
2100 889 2354 945 subscripsit,

1241 933 1275 970 8<
1305 943 1430 971 tamen
1460 933 1648 973 Damasus
1669 935 1769 989 Papa
1799 943 1813 991 (
1836 942 1938 992 apud
1959 942 2243 983 Theodoretum
2263 946 2355 986 Lib.

1241 986 1292 1026 Π.
1322 984 1473 1026 Histor.
1504 985 1662 1027 Eccles.
1692 1005 1776 1044 cap.
1801 1007 1863 1032 22.
1895 995 1908 1043 )
1940 1009 2028 1035 eum
2057 998 2192 1037 scribit
2209 999 2357 1038 Sacer-

1241 1040 1389 1079 dotium
1419 1040 1567 1080 illibate
1596 1057 1760 1083 servasse
1779 1073 1788 1084 .
1832 1048 2098 1104 Quaecumque
2141 1054 2257 1105 igitur
2285 1067 2355 1106 pro

1241 1095 1461 1134 defensioue
1490 1095 1638 1135 Liberii
1681 1099 1808 1138 afferri
1837 1099 1956 1140 solent
1998 1107 2044 1143 ad
2086 1107 2355 1159 probandum,

1241 1150 1550 1189 commentitium
1580 1164 1657 1189 esse
1701 1154 1820 1205 ipsius
1849 1153 2027 1208 lapsum,
2073 1172 2151 1200 non
2178 1162 2359 1201 videntur

1242 1205 1425 1252 omnino,
1455 1203 1489 1241 8(
1519 1203 1630 1257 plene
1660 1220 1741 1244 rem
1771 1210 1973 1248 evincere.

1302 1258 1389 1297 152.
1419 1257 1492 1296 Sed
1524 1272 1645 1312 neque
1674 1262 1818 1300 invicta
1843 1273 1930 1303 sunt
1952 1279 1994 1302 ea
2022 1275 2237 1316 momenta,
2267 1279 2356 1321 quae

1242 1310 1289 1349 ad
1319 1313 1559 1364 probandum
1582 1314 1730 1352 Liberii
1752 1315 1903 1369 lapsum
1935 1326 2013 1357 turn
2043 1321 2083 1357 in
2104 1322 2359 1361 condemnan-

1241 1365 1289 1402 do
1317 1366 1455 1404 Sancto
1487 1364 1710 1416 Athanasio,
1741 1377 1821 1408 tum
1852 1372 1892 1408 in
1923 1375 2155 1425 acceptanda
2174 1375 2360 1415 Sirmien-

1241 1419 1272 1456 si
1302 1418 1394 1457 fidei
1424 1419 1616 1469 formula,
1660 1437 1703 1460 ac
1732 1424 1900 1476 denique
1929 1426 1969 1464 iu
1999 1430 2270 1467 communione
2299 1432 2358 1468 in-

1243 1471 1365 1510 eunda
1393 1486 1482 1511 cum
1507 1474 1657 1513 Arianis
1687 1475 1815 1514 afferri
1842 1478 1982 1518 solent.
2010 1479 2060 1518 Et
2078 1484 2250 1533 primurn
2271 1485 2357 1536 qui=

1242 1527 1326 1564 dem
1358 1537 1626 1578 argumentum
1658 1532 1872 1583 suppeditat
1900 1536 2101 1572 auctoritas
2129 1536 2327 1575 Sozomeni
2345 1567 2356 1586 ,

1241 1581 1308 1632 qui
1340 1582 1377 1618 111
1410 1581 1497 1619 Lib.
1528 1582 1596 1620 IV.
1627 1582 1777 1623 Hister.
1799 1584 2035 1626 Ecclesiast.
2066 1603 2151 1641 cap.
2180 1590 2238 1629 15.
2269 1605 2357 1630 nar-

1244 1643 1326 1682 rat,
1358 1633 1558 1673 Liberium
1589 1637 1722 1676 Beraea
1752 1639 1983 1692 imperatore
2012 1642 2200 1681 Sirmium
2230 1656 2359 1683 accer-

1244 1690 1358 1725 situm
1388 1688 1631 1740 coiupulsum
1662 1692 1805 1740 fuisse,
1835 1693 2035 1735 uth'lium
2053 1695 2166 1735 Patri
2195 1711 2276 1736 non
2295 1711 2356 1737 es-

1244 1755 1286 1778 se
1316 1741 1697 1781 consubstantialem
1717 1746 1969 1798 profiteretur
1986 1779 1995 1796 ,
2026 1759 2139 1802 atque
2158 1760 2199 1789 ut
2220 1765 2356 1804 appro-

1239 1794 1347 1832 baret
1365 1795 1545 1833 libellum
1562 1799 1793 1847 quemdam,
1824 1801 1863 1837 in
1884 1814 1960 1852 quo
1975 1804 2261 1842 continebantur
2292 1806 2357 1843 de‹

1239 1856 1342 1885 creta
1369 1847 1505 1885 Sirmii
1535 1850 1635 1887 facta
1677 1860 1806 1889 contra
1835 1851 1997 1892 Paulum
2027 1855 2325 1895 Samosateusem
2344 1890 2355 1907 ‚

1240 1899 1274 1936 &
1304 1910 1434 1939 contra
1453 1899 1658 1941 Photinum
1676 1934 1686 1952 ,
1717 1917 1768 1942 ac
1789 1915 1986 1957 praeterea
2003 1908 2109 1961 fidei
2125 1911 2357 1963 formulam

1241 1958 1282 1992 έη
1328 1953 1581 1994 dedicatione
1624 1958 1900 1998 Antiochensis
1942 1960 2132 2003 Basilicae
2173 1963 2324 2004 editam
2346 1990 2359 2004 .

1240 2008 1333 2047 Vid.
1364 2023 1474 2047 uum.
1511 2009 1597 2055 145.

1299 2063 1387 2101 155.
1418 2062 1617 2101 sozomeni
1646 2077 1736 2102 vero
1764 2079 1841 2104 non
1870 2073 1973 2107 tanta
1990 2078 2045 2108 ‘est
2063 2070 2286 2121 auctoritas,
2317 2079 2359 2111 ut

1240 2117 1275 2152 ei
1306 2116 1508 2153 indubiam
1539 2114 1655 2154 fidem
1685 2129 1935 2170 praestemus,
1980 2124 2094 2162 etiam
2124 2127 2277 2177 quando
2312 2140 2357 2165 ea

1240 2179 1393 2216 narrat,
1425 2183 1512 2222 quae
1543 2170 1593 2208 ab
1622 2170 1709 2209 aliis
1729 2175 1992 2225 gravioribus,
2023 2177 2056 2213 δ’.
2077 2179 2358 2231 antiquioribus

1240 2222 1424 2268 silentum
1455 2233 1494 2260 ut
1523 2233 1606 2262 sunt
1636 2238 1701 2274 ea,
1738 2241 1827 2278 quae
1857 2229 1990 2268 scribit
2017 2231 2064 2269 de
2093 2230 2249 2271 Liberio
2277 2233 2357 2271 Sir-

1241 2278 1364 2315 mium
1396 2278 1603 2326 accersito,
1634 2279 1679 2317 de
1709 2278 1872 2332 libello,
1902 2283 1942 2321 in
1972 2295 2049 2338 quo
2077 2288 2208 2325 omnia
2226 2286 2356 2325 decre-

1241 2339 1279 2368 ta
1307 2331 1532 2369 Sirmiensia
1562 2333 1880 2385 continebantur,
1925 2351 1969 2375 ac
1997 2339 2043 2376 de
2071 2338 2162 2377 fidei
2192 2341 2358 2380 formula.

1240 2387 1280 2423 in
1310 2385 1546 2423 dedicatione
1576 2386 1749 2425 Basilicae
1771 2389 2034 2430 Antiochensis
2062 2394 2233 2431 confecta
2251 2421 2260 2431 .
2289 2393 2358 2432 So-

1241 2438 1300 2477 lus
1330 2442 1443 2477 etiam
1474 2439 1619 2477 ibidem
1661 2441 1771 2479 nobis
1808 2444 1949 2493 refert,
1997 2442 2206 2500 Episcopos
2242 2447 2354 2497 illos,

1240 2494 1308 2546 qui
1338 2494 1526 2532 Sirmium
1556 2504 1836 2545 convenerant,
1865 2499 2058 2550 scripsisse
2086 2502 2133 2538 ad
2155 2500 2357 2550 Felicem,

1242 2548 1310 2600 qui
1341 2557 1427 2584 tunc
1459 2547 1637 2585 Romame
1654 2548 1838 2588 Ecclesiae
1867 2554 2126 2603 praesidebat,
2156 2554 2190 2590 8<
2210 2555 2256 2592 ad
2269 2556 2357 2593 Cle-

1241 2612 1329 2638 rum
1361 2601 1531 2652 ejusdem
1560 2602 1751 2651 civitatis,
1798 2615 1837 2642 ut
1865 2606 2067 2645 Liberium
2098 2609 2358 2660 susciperent,

1244 2664 1360 2707 utque
1407 2651 1524 2692 ambo
1554 2655 1826 2704 Apostolzcam
1870 2656 2014 2698 Sedem
2054 2657 2353 2714 gubernarent,

1242 2709 1291 2749 <9²
1320 2710 1440 2746 simul
1467 2708 1689 2747 sacerdotio
1705 2710 1982 2765 fungerentur
2009 2713 2155 2765 absque
2175 2716 2256 2754 ulla
2278 2713 2357 2754 dis-

1241 2767 1450 2800 sensione.
1482 2763 1594 2800 Addit
1625 2772 1775 2814 postea,
1808 2766 1978 2806 Felicem
2009 2770 2159 2807 modico
2186 2779 2355 2821 tempore

1241 2818 1520 2869 supervixisse,
1550 2815 1584 2853 &
1611 2816 1815 2859 Liberium
1843 2820 1968 2860 solum
1988 2820 2203 2862 Ecclesiam
2232 2825 2356 2862 admi-

2241 2879 2300 2915 ni-

1296 2939 1342 2978 (b)
1374 2937 1476 2982 Quod
1501 2939 1593 2973 enim
1618 2948 1682 2986 pro
1705 2942 1779 2975 Osii
1805 2940 2045 2988 resipiscentia
2070 2956 2112 2978 ex
2125 2940 2288 2979 Historia
2302 2942 2355 2980 A·

1247 2989 1336 3018 riun.
1364 2986 1397 3018 S.
1425 2986 1608 3020 Athanasii
1633 2998 1731 3021 num.
1757 2990 1816 3031 45.
1841 3001 2042 3034 suspectum
2067 3000 2118 3024 est
2135 3013 2146 3031 ‚
2176 3004 2253 3025 cum
2280 2992 2354 3027 haee

1246 3032 1392 3065 historia
1419 3042 1498 3066 ante
1523 3034 1596 3067 Osii
1623 3035 1759 3079 lapsum
1786 3038 1982 3080 conscripta
2009 3037 2137 3071 fuerit.
2164 3038 2264 3082 Quod
2292 3052 2354 3073 au-

1247 3087 1318 3112 tem
1345 3079 1487 3112 affertur
1512 3091 1553 3113 ex
1581 3082 1614 3112 S.
1641 3082 1836 3125 Augustino
1862 3082 1940 3116 Lib.
1968 3084 1993 3115 Ι.
2020 3092 2137 3118 contra
2156 3089 2259 3128 epist.
2277 3085 2356 3120 Par-

1244 3129 1394 3158 menioni
1421 3137 1496 3170 cap.
1522 3127 1555 3168 4.
1582 3127 1695 3171 potius
1720 3128 1844 3171 probat
1871 3129 2132 3172 innocentIam,
2166 3140 2271 3177 quatu
2298 3146 2354 3166 re-

1245 3173 1482 3216 sipiscentiam
1508 3173 1605 3206 Osii.
1634 3171 1699 3205 Sed
1725 3172 1765 3206 de
1791 3175 1874 3208 Osio
1898 3176 1933 3208 in
1959 3188 2034 3221 cap.
2062 3187 2134 3222 seq.

1297 3224 1342 3257 (c)
1371 3219 1539 3252 Baronius
1567 3217 1608 3251 ad
1635 3230 1764 3253 annum
1780 3221 1861 3264 359.
1884 3222 1990 3264 11.46.
2015 3232 2058 3257 ex
2086 3221 2263 3264 Socratis,
2290 3226 2352 3257 So-

1246 3266 1379 3300 zomeni
1396 3287 1406 3306 ‚
1432 3268 1464 3297 ἃ
1489 3266 1619 3298 Ruffini
1645 3268 1878 3308 auctoritate,
1905 3278 1979 3302 tum
2005 3271 2109 3304 etiarn
2138 3284 2177 3304 ex
2204 3272 2289 3303 actis
2313 3282 2350 3301 e-

1242 3312 1378 3358 jusdem
1409 3312 1539 3345 Liberii
1567 3321 1712 3345 conatur
1737 3314 1919 3356 evincere,
1949 3314 2127 3350 Liberium
2154 3317 2258 3349 fnisse
2283 3318 2349 3349 ite-

1242 3369 1323 3394 rum
1349 3357 1441 3394 Urbe
1467 3359 1633 3404 pulsum}
1661 3358 1720 3394 sed
1745 3362 1916 3396 acutiores
1935 3364 2059 3397 Critici
2076 3363 2222 3397 Baronio
2246 3374 2350 3408 repu-
