2577 3633
274 153 355 193 106

204 231 339 280 gratia
360 239 376 269 ;
427 221 578 262 interim
619 227 746 258 tamen
789 217 953 256 breviter
994 214 1150 267 probari
1193 222 1310 266 potest

206 295 250 317 ex
292 276 523 330 quibusdam
559 272 619 311 Ss.
648 272 876 324 Augustini,
919 270 953 305 8<
997 268 1160 305 Thomae
1201 269 1307 319 prin-

205 333 317 384 cipiis
334 355 345 367 .
975 374 981 381 ι

264 396 352 421 121.
380 381 428 419 Et
448 379 604 432 quidem
624 377 666 417 S.
686 377 918 428 Augustinus
937 373 1026 411 L1b.
1042 372 1192 410 XXVI.
1213 385 1306 410 con-

204 445 270 473 tra
297 434 491 472 Ezustum
520 446 607 484 cap.
635 432 674 477 4.
703 430 820 477 Ideo,
851 428 1000 479 inquit,
1028 429 1187 473 nescio,
1215 425 1307 477 quid

201 493 251 526 sit
267 487 486 541 futurum,
528 498 618 535 quae
645 482 736 534 quid
765 480 910 518 habeat
945 480 1124 517 voluntas
1151 478 1230 516 Dei
1258 478 1307 517 cle

202 541 279 579 luzo
308 555 377 589 re,
420 552 484 577 me
513 539 637 575 lutet.
684 534 786 573 Illud
815 547 880 571 me
908 542 1049 570 tamen
1074 545 1155 569 non
1183 532 1306 580 latet,

203 599 289 632 sine
318 593 428 631 <lubio
443 590 630 643 futurum
649 617 660 635 ‚
690 592 723 625 ει·
752 586 822 624 Ῐῑοσ
851 586 930 624 Dei
958 586 1136 623 voluntas
1165 583 1278 622 habet
1297 610 1307 622 .

201 648 289 687 Non
317 648 408 685 dicit
437 645 476 682 S.
507 644 673 688 Doctor,
703 641 875 692 ignorare
903 653 966 687 se,
1009 639 1100 690 quid
1131 638 1176 675 sit
1206 638 1307 675 futu-

202 714 314 748 rum,
342 700 434 751 quia
461 698 588 746 ipsum
617 693 728 741 latet,
757 693 852 744 quid
872 692 1039 730 huma-na
1060 690 1230 742 voluntas
1252 691 1306 728 fa·

201 762 307 790 etura
335 754 400 796 sit3
429 749 492 787 sed
519 747 631 785 altius
660 746 826 784 ascendit
854 746 901 784 ad
931 745 1097 797 primam
1120 744 1307 781 futuritio=

200 807 260 843 nis
289 804 501 854 originem,
543 799 687 838 scilicet
721 799 891 837 divinam
928 797 1189 844 voluntatem,
1232 810 1310 848 qua

200 858 319 908 posita
345 857 458 893 etiam
489 853 659 891 humana
686 850 891 890 voluntatis
929 850 1191 889 determinatio
1219 861 1309 886 con-

201 911 393 961 sequitur:
422 907 502 945 Del'
530 909 638 944 enim
659 906 848 944 voluntati
868 907 953 956 quis
971 901 1156 941 resistit?
1184 902 1309 953 inquit

199 961 403 1015 Apostolus
434 961 594 998 Roman.
625 957 696 996 IX.
730 971 790 1010 ¹9·
829 956 999 995 Ulterius
1027 957 1127 994 idem
1158 954 1199 993 S.
1230 956 1308 992 Au-

199 1018 369 1066 gustinus
398 1014 527 1052 Tract.
555 1011 750 1050 LXVIII„
779 1013 821 1049 in
850 1010 984 1048 Joann.
1015 1010 1147 1059 paucis
1182 1007 1308 1046 verbis

199 1082 280 1107 rem
310 1078 426 1106 totam
456 1068 506 1105 ita
536 1066 772 1117 perstringit,
803 1064 953 1101 diceus:
978 1061 1093 1098 Deus
1110 1060 1217 1112 fecit
1235 1057 1308 1111 fu-

201 1130 319 1169 tura,
349 1134 401 1158 ea
428 1118 752 1168 praedestinando
769 1132 783 1161 ,·
825 1124 909 1154 ante
938 1115 1308 1167 praedestinationem

197 1175 340 1226 igitur,
369 1188 434 1210 seu
462 1172 657 1209 decretum
685 1184 761 1208 nou
787 1177 897 1207 erant
927 1170 1054 1205 futura
1071 1193 1081 1205 .

259 1240 347 1265 122.
379 1225 583 1276 Angelicus
611 1224 724 1261 etiam
755 1231 874 1260 noster
903 1220 1117 1271 Praeceptor
1137 1220 1167 1258 Ι.
1197 1218 1239 1256 Ρ.
1268 1231 1308 1269 q.

206 1279 266 1318 16.
297 1288 366 1317 art.
399 1293 433 1328 7.
464 1278 511 1315 ad
541 1277 577 1316 5.
622 1275 748 1323 Illud,
778 1275 932 1326 inquit,
959 1272 1059 1325 quod
1086 1285 1194 1309 nunc
1221 1279 1308 1320 est,

198 1345 253 1370 ex
274 1346 327 1370 reo
343 1331 533 1383 futurum
549 1328 664 1381 ficit,
708 1337 931 1379 antequam
973 1335 1096 1373 esset,
1138 1328 1232 1375 quia
1269 1327 1311 1360 in

198 1398 330 1422 causa
358 1396 432 1421 sua
461 1391 547 1420 erat
564 1411 575 1429 ,
605 1390 646 1418 ut
662 1380 788 1433 fieret
804 1395 819 1424 ;
862 1379 966 1417 unde
993 1378 1152 1415 sublata
1181 1389 1310 1414 causa

198 1450 280 1474 non
309 1445 410 1474 esset
426 1434 615 1486 futurum
633 1464 643 1480 ‚
673 1432 768 1470 illud
782 1433 883 1484 fieri
901 1459 910 1469 .
941 1431 1036 1468 Sola
1056 1439 1192 1467 autem
1213 1442 1308 1466 cau-

199 1503 250 1527 sa
276 1493 408 1540 prima
438 1496 495 1524 est
523 1495 680 1524 aeterna
702 1500 717 1529 ,·
758 1483 862 1521 unde
882 1496 943 1521 rex
973 1482 1041 1520 hoc
1071 1495 1150 1519 non
1179 1485 1305 1532 sequi-

200 1552 290 1589 tur,
320 1539 421 1592 quod
449 1553 526 1587 ea,
555 1551 645 1591 quoe
672 1546 789 1584 sunt,
819 1548 974 1587 semper
989 1534 1123 1588 fuerit
1152 1547 1306 1582 rerum,

197 1609 251 1634 ea
279 1608 365 1632 esse
381 1592 553 1645 futura,
600 1595 676 1628 nisi
704 1599 901 1640 quate-nus
929 1593 971 1626 ιή
1007 1596 1136 1626 causa
1164 1591 1306 1637 sempi-

197 1658 316 1686 terna
332 1646 439 1699 fuit,
469 1655 510 1682 ut
536 1654 669 1683 essent
684 1644 835 1695 futura
849 1659 864 1688 ‚-
893 1655 983 1692 quoe
1002 1640 1307 1692 quiclemrcausa

198 1711 257 1739 cst
285 1701 390 1738 solus
418 1698 550 1736 Deus.
577 1698 650 1734 His
678 1696 805 1734 verbis
833 1694 932 1733 nihil
962 1703 1081 1746 potest
1109 1707 1187 1730 esse
1217 1692 1306 1730 illu-

199 1755 338 1797 strius;
380 1751 413 1786 8(
444 1751 558 1801 plane
586 1763 660 1786 non
689 1747 888 1798 intelligo,
930 1746 1121 1797 quomodo
1148 1745 1306 1796 quidam

195 1806 407 1847 adversarii
437 1817 481 1840 ea
509 1801 700 1853 explicare
728 1808 908 1838 conentur
937 1798 1059 1835 solum
1087 1797 1133 1834 de
1175 1811 1308 1834 causa-

199 1855 483 1897 litateillativa
505 1885 515 1901 ,
563 1853 621 1891 vel
651 1854 696 1890 de
736 1853 898 1890 decretis
927 1851 1001 1888 Dei
1043 1851 1308 1902 permissivis;

197 1911 368 1948 cum-de
398 1909 534 1945 futuris
563 1906 871 1958 quibuscumque
900 1904 955 1942 ibi
984 1903 1162 1954 loquatur
1184 1903 1308 1953 Ange·

200 1964 327 2009 licus,
357 1962 390 1997 ὃς
420 1962 616 2013 inquirat,
645 1959 835 2010 quomodo
863 1971 907 1995 ea
934 1956 984 1994 ab
1014 1965 1153 1993 aeterno
1173 1957 1308 1993 verita-

197 2026 277 2054 tem
306 2015 446 2053 habere
474 2012 688 2065 potuerint,
719 2024 787 2062 per
815 2022 944 2048 veram
965 2008 1110 2047 scilicet
1128 2017 1308 2044 aeternam

202 2069 464 2107 futuritionem
480 2095 492 2113 ‚
532 2077 621 2116 quae
649 2064 793 2102 nonnisi
822 2063 873 2100 ab
901 2063 1053 2101 aeternis
1080 2061 1219 2100 divinis
1246 2060 1309 2098 de-

198 2122 312 2161 cretis
339 2120 433 2157 oriri
463 2119 581 2171 potuit
601 2143 612 2154 .

262 2173 349 2212 125.
378 2170 470 2222 Obj.
512 2171 638 2223 primo
659 2195 669 2206 .
716 2167 757 2206 S.
787 2167 956 2205 Thomas
996 2166 1309 2219 quotiescumque

200 2229 305 2278 agit,
335 2225 368 2261 ἃ
398 2223 552 2274 quidem
580 2235 655 2259 non
674 2220 820 2267 obiter,
849 2220 913 2258 sed
940 2220 1161 2272 data'opera
1180 2219 1226 2256 de
1246 2232 1308 2255 co-

201 2280 369 2332 gnitione
398 2277 614 2314 futurorum
631 2304 642 2323 ,
671 2286 744 2312 non
772 2273 881 2311 aliter
910 2287 954 2311 ea
983 2288 1004 2311 a
1023 2272 1107 2311 Deo
1135 2271 1308 2323 cognosci

199 2333 335 2380 docet,
363 2343 479 2382 quam
505 2330 550 2366 in
580 2327 803 2379 praesentia,
830 2339 948 2377 quam
969 2325 1110 2364 habent
1130 2325 1171 2362 in
1196 2333 1307 2361 aeter-

197 2386 341 2432 nitate,
367 2382 477 2420 nulla
508 2394 678 2433 unquam
708 2380 809 2418 facta
837 2380 1030 2417 mentione
1049 2378 1308 2416 decretorum.

206 2436 260 2476 lta
289 2439 320 2476 Ι.
350 2435 390 2474 P.
420 2434 546 2489 (1.14.
575 2443 645 2472 art.
669 2433 731 2473 15.
749 2463 760 2482 ,
789 2432 878 2471 inl.
907 2432 993 2470 dist.
1017 2430 1081 2483 78.
1110 2444 1150 2482 q.
1176 2443 1209 2468 1.
1239 2438 1309 2468 art.

196 2493 244 2529 5.
263 2520 273 2539 ,
304 2490 338 2526 St
366 2502 466 2540 saepe
494 2487 614 2526 alias.

263 2543 350 2588 ¹24·
381 2541 492 2593 Resp.
521 2553 611 2578 cum
640 2539 855 2577 doctissimo
868 2538 1005 2577 Lemos
1022 2550 1058 2575 c.
1082 2550 1120 2588 7.
1138 2550 1178 2588 p.
1196 2536 1310 2584 51¹1„

208 2595 449 2646 praesentiam
478 2594 694 2631 futurorum
723 2594 764 2630 in
802 2592 1034 2638 aetemitate,
1075 2603 1191 2640 quam
1232 2602 1310 2626 me-

207 2648 315 2685 dium
345 2661 421 2684 esse
450 2646 669 2697 cognitionis
709 2646 852 2683 divinae
881 2645 1023 2696 saepius
1062 2643 1191 2680 asserit
1218 2642 1313 2679 San-

208 2709 289 2737 ctus
309 2698 476 2737 Thomas
492 2728 503 2745 ,
531 2711 608 2735 non
637 2698 838 2736 excludere
855 2727 866 2745 ,
894 2698 958 2736 sed
986 2708 1195 2748 supponere
1215 2695 1313 2732 divi-

207 2768 256 2791 na
275 2752 456 2796 decreta3
486 2752 564 2788 sine
592 2752 732 2801 quibus
760 2750 859 2789 nihil
880 2757 995 2802 potest
1014 2763 1090 2787 esse
1111 2748 1283 2785 futurum
1300 2777 1312 2795 ,

206 2806 378 2858 adeoque
396 2817 466 2844 nec
487 2804 726 2856 praesentiam
741 2804 882 2844 habere
898 2804 938 2842 in
959 2802 1184 2841 aezemitate.
1212 2800 1312 2838 Hinc

260 2973 309 3005 (αδ
338 2969 467 3002 Auctor
490 2967 573 3002 liin-i
598 2970 640 3001 de
658 2969 813 3002 l'Action
838 2970 880 3002 de
907 2967 1000 3001 Dien
1026 2981 1082 3001 sur
1106 2970 1158 3001 les
1183 2973 1314 2999 creatu-

210 3027 266 3047 res
294 3013 392 3046 Tom.
418 3015 478 3047 lv.
503 3023 585 3047 sect.
613 3016 646 3047 ὃ.
667 3026 749 3059 eap.
778 3026 807 3047 2.
835 3018 865 3057 §.
886 3026 917 3047 2.
943 3022 1046 3047 acuto
1071 3013 1253 3047 ratiocinio
1276 3024 1315 3045 o-

211 3058 339 3093 stendit
357 3080 367 3099 ‚
392 3061 486 3093 nullo
510 3059 612 3094 modo
635 3072 688 3093 res
716 3062 750 3094 in
775 3061 970 3094 merniiate
994 3068 1180 3104 praesentes
1205 3071 1223 3091 a
1239 3058 1314 3092 Deo

206 3104 322 3138 «videri
347 3116 468 3148 posse,
509 3107 574 3138 nisi
601 3120 619 3138 a
645 3107 715 3140 suis
739 3106 888 3140 decretis
924 3105 1312 3150 praedeterminantibus

210 3149 255 3185 ad
281 3161 334 3183 res
361 3149 524 3183 videndas
550 3151 801 3194 quodaminodo
825 3160 1030 3185 moveatur.
1056 3152 1178 3195 Neque
1196 3162 1313 3190 enim,

209 3197 352 3240 inquit,
381 3207 499 3227 rerum
523 3198 705 3239 praesentia
731 3199 855 3231 sufficit
880 3197 922 3231 ad
950 3209 1006 3230 eas
1031 3196 1222 3237 videndas,
1255 3195 1313 3229 sed

212 3243 330 3286 aliqua
355 3241 446 3274 actio
469 3242 685 3284 requiritur,
708 3254 776 3285 qua
802 3245 952 3286 potentia
980 3243 1022 3276 ad
1048 3242 1234 3276 videndum
1252 3255 1310 3275 ex-

208 3289 362 3327 citetur3
401 3287 485 3319 alias
513 3290 543 3318 ἃ
568 3298 678 3319 caecus
703 3299 756 3319 res
779 3298 964 3330 praesentes
997 3289 1130 3321 videret
1146 3310 1157 3329 ‚
1196 3291 1227 3320 &
1252 3300 1311 3321 nos

210 3333 435 3377 praesentiam
458 3333 647 3377 spirituum
671 3333 876 3371 sentiremus
892 3357 899 3365 .
927 3335 1003 3369 Pari
1022 3334 1124 3371 modo
1147 3342 1184 3368 ut
1205 3346 1257 3368 res
1276 3335 1312 3368 in

926 133 1331 183 DISSERTATIO
1369 132 1452 179 IV.
1487 130 1618 177 CAP.
1641 128 1740 175 VII.

1377 215 1692 267 quotiescumque
1719 209 1760 248 S.
1799 206 1966 246 Thomas
1994 206 2128 256 dccet,
2157 221 2216 247 res
2245 209 2392 247 futmas
2407 207 2490 247 Deo

1377 276 1580 319 praesentes
1607 277 1683 301 esse
1710 264 1752 301 in
1783 261 2016 309 aeternitate,
2052 261 2186 300 saltem
2216 261 2406 315 implicite
2434 271 2488 300 et—

1373 322 1452 358 iam
1481 320 1611 364 docet,
1640 329 1701 353 eas
1730 321 1932 367 praesentes
1950 327 2026 352 esse
2054 328 2123 366 per
2149 316 2281 355 divina
2309 316 2456 354 decreta
2473 340 2487 365 ‚

1372 388 1398 411 a
1424 371 1566 424 quibus
1594 368 1762 416 habent,
1790 375 1830 405 ut
1849 367 1990 404 futurae
2016 368 2117 404 sime,

1402 424 1520 463 ⁷125.
1550 422 1625 460 Sed
1652 419 1863 473 aliquando
1881 418 1996 458 etiam
2016 432 2203 470 expresse
2220 450 2230 468 ,
2260 420 2295 458 ἃ
2310 421 2488 460 luentem

1373 487 1429 516 ter
1459 482 1642 514 memorat
1672 483 1877 525 utrumque
1904 473 2062 511 modum
2080 503 2092 522 ,
2121 487 2198 524 quo
2225 473 2330 512 Deus
2359 476 2491 513 futura-

1373 531 1503 578 videt,
1545 526 1689 566 scilicet
1717 529 1759 564 in
1787 526 1868 564 suis
1895 526 2081 575 decretis,
2120 527 2153 562 δε
2182 527 2224 565 in
2253 528 2332 564 suis
2359 527 2454 565 ideis
2475 545 2491 575 ‚*

1373 591 1556 635 quatenus
1583 579 1711 617 onmia
1742 586 1781 616 ut
1798 581 2003 630 praesentia
2024 581 2062 618 in
2092 580 2302 618 aeternitate
2321 579 2403 618 Deo
2418 593 2492 618 εκ·-

1374 636 1534 673 hibent.
1576 632 1641 670 Sic
1671 633 1711 669 in
1740 630 1831 670 Lib.
1860 632 1890 669 Ι.
1920 632 2032 669 Sent-
2061 632 2146 670 dist.
2177 632 2243 671 58.
2273 647 2313 685 q.
2350 646 2383 671 1.
2414 642 2488 672 art·

1377 690 1441 736 5.,
1472 687 1541 724 ubi
1571 698 1650 723 rem
1680 683 1777 722 hanc
1806 696 1880 721 non
1909 683 2199 736 perfunctorie,
2242 687 2305 723 sed
2333 699 2488 738 operose

1376 740 1566 787 extendit,
1610 748 1815 789 utrumque
1844 737 2091 788 cognoscendi
2129 740 2286 776 modum
2315 740 2368 777 ita
2397 752 2488 776 con-

1376 793 1524 845 jungit:
1558 791 1675 829 Putet
1704 794 1850 838 etiam,
1879 789 1982 840 quod
2009 788 2119 828 Deus
2148 789 2203 828 ab·
2225 800 2378 829 aeterno
2404 805 2488 829 ηοη

1375 847 1503 884 solum
1530 845 1621 884 ridie
1648 843 1829 881 ordinem
1856 846 1917 881 sui
1945 842 2001 880 ad
2028 855 2138 891 rem,
2167 851 2220 881 ex
2239 845 2354 895 cujus
2380 854 2489 896 pote-

1375 909 1479 937 state
1507 906 1687 937 reserat
1703 897 1877 948 jutura,
1905 895 1976 934 sed
2003 899 2133 947 ipsum
2162 909 2251 934 esse
2277 901 2334 933 rei
2363 900 2489 935 intue-

1375 952 1518 990 batur.
1566 950 1818 989 Manifestum
1861 959 1940 998 est,
1983 949 2178 1001 prioribus
2219 948 2300 988 illis
2336 949 2488 989 verbis:

1376 1005 1488 1044 Deus
1515 1004 1567 1042 ab
1596 1012 1746 1041 aeterno
1774 1001 1865 1039 vidit
1893 1002 2075 1040 ordinem
2102 1005 2164 1040 sui
2192 1001 2248 1040 ad
2275 1015 2364 1040 rem
2381 1032 2393 1051 ,
2435 1014 2490 1041 ex

1377 1060 1490 1111 cujus
1517 1065 1714 1109 potestate
1734 1069 1798 1094 res
1818 1064 1908 1093 erat
1924 1055 2075 1106 'futura
2092 1085 2102 1103 ,
2132 1054 2229 1093 nihil
2245 1055 2352 1094 aliud
2373 1057 2491 1108 signi·-

1378 1112 1489 1151 ficari
1507 1141 1518 1159 ‚
1547 1124 1667 1162 quam
1686 1110 1760 1148 Dei
1790 1109 2006 1157 decretum,
2035 1121 2112 1160 quo
2141 1122 2197 1145 res
2217 1122 2262 1146 ex
2282 1123 2386 1146 mere
2408 1123 2491 1161 pos=

1376 1164 1483 1203 sibili
1502 1165 1613 1210 ⁴facta
1641 1172 1693 1201 est
1723 1163 1880 1200 futura.
1921 1163 2021 1200 Cum
2051 1174 2139 1199 vero
2169 1161 2316 1200 subdit:
2361 1161 2431 1200 sed
2459 1167 2493 1200 i·

1378 1231 1493 1268 psum
1523 1229 1609 1254 esse
1636 1219 1695 1253 rei
1724 1213 1974 1262 intuebatur,
2005 1215 2245 1266 praesentiam
2268 1216 2488 1254 futurorum

1377 1274 1418 1310 in
1447 1271 1655 1308 aeternitate
1684 1268 1888 1318 intelligit,
1928 1268 2322 1318 quamsequentibus
2363 1268 2492 1306 verbis

1378 1338 1452 1361 una
1481 1336 1573 1360 cum
1601 1321 1729 1358 Boetio
1756 1320 1847 1359 Lib.
1877 1319 1928 1357 V.
1957 1318 2006 1358 de
2038 1319 2240 1358 Consolar.
2270 1319 2492 1371 Philosoph-

1379 1389 1488 1429 prosa
1517 1373 1654 1412 ultima
1685 1374 1805 1411 fusius
1833 1374 1988 1424 exponit
2018 1373 2083 1423 (α)
2101 1398 2113 1410 .

1437 1426 1524 1465 126.
1554 1427 1628 1464 Sed
1658 1424 1692 1460 St
1721 1425 1817 1463 illud
1847 1426 2063 1463 addendum
2093 1432 2210 1477 puto,
2244 1425 2374 1463 minus
2403 1438 2491 1477 pro-

1374 1481 1486 1532 prie,
1529 1480 1571 1516 ni
1600 1477 1740 1526 fallor,
1779 1479 2025 1531 praesentiam
2053 1491 2183 1516 rerum
2212 1479 2252 1516 in
2283 1480 2493 1517 aeternitate

1376 1532 1554 1570 medium
1582 1530 1800 1583 appellari,
1830 1533 1870 1568 iu
1898 1545 1975 1582 quo
1994 1531 2098 1570 Deus
2119 1531 2247 1570 futura
2262 1541 2462 1583 cognoscat
2479 1556 2493 1570 .

1376 1585 1554 1624 Medium
1583 1584 1805 1635 cognitionis
1831 1584 1974 1622 divinae
2012 1585 2166 1635 proprie
2195 1597 2268 1621 non
2298 1593 2372 1633 est,
2414 1585 2497 1623 nisi·

1375 1639 1506 1677 divina
1534 1638 1717 1686 essentia,
1747 1636 1808 1675 vel
1836 1635 2007 1675 absolute
2027 1645 2179 1687 sumpta
2196 1666 2206 1684 ‚
2235 1639 2266 1675 si
2295 1646 2426 1688 agatur
2445 1638 2494 1674 de

1373 1692 1588 1742 cognitione
1616 1689 1887 1741 possibilium,
1917 1689 1978 1727 vel
2010 1698 2049 1728 ut
2076 1689 2327 1728 determinata
2347 1702 2414 1741 per
2442 1689 2492 1727 li-

1372 1743 1466 1780 bera
1494 1755 1573 1779 suae
1604 1741 1805 1779 voluntatis
1833 1742 2010 1788 decreta,
2052 1743 2084 1779 si
2113 1756 2237 1779 sermo
2264 1744 2310 1780 sit
2352 1743 2399 1781 de
2424 1754 2491 1780 co-

1374 1795 1538 1845 gnitione
1568 1794 1808 1830 futurorum:
1856 1794 2061 1844 praesentia
2101 1803 2228 1831 autem
2266 1795 2491 1833 eorumdem

1376 1848 1593 1885 futurorum
1623 1846 1663 1883 in
1693 1845 1902 1883 aeternitate
1932 1847 2057 1897 potius
2085 1847 2219 1885 modus
2248 1856 2326 1895 est,
2370 1861 2493 1899 quam

1376 1900 1546 1938 medium
1576 1899 1718 1937 divinae
1755 1899 2004 1949 cognitionis,
2051 1908 2236 1950 quatenus
2265 1901 2370 1937 Deus
2412 1913 2499 1940 non«

1356 1952 1490 1991 ‘habet
1520 1952 1721 1990 scientiam
1741 1952 1990 1989 successivam
2008 1981 2019 1999 ,
2049 1961 2112 1989 aut
2133 1948 2384 2001 variabilem,
2413 1967 2492 2006 qua.

1373 2004 1448 2043 hoc
1476 2006 1648 2057 primum
1677 2011 1875 2055 cognoscat
1893 2033 1905 2051 ,
1934 2004 2066 2042 deiude
2095 2003 2226 2052 aliud,
2260 2005 2293 2041 8<
2322 2020 2430 2058 prius
2449 2022 2491 2045 a·-

1375 2058 1500 2110 liquid
1529 2067 1570 2096 ut
1600 2058 1774 2096 futurum
1791 2086 1803 2105 ,
1832 2066 1912 2108 post
1931 2065 2059 2095 autem
2079 2067 2119 2095 ut
2138 2070 2306 2109 praesens
2320 2089 2330 2106 ,
2363 2074 2406 2098 ac
2426 2060 2492 2097 de-

1376 2125 1486 2150 mum
1515 2120 1556 2148 ut
1586 2111 1849 2163 praeteritum3
1878 2110 1940 2147 sed
1970 2111 2084 2147 unico
2113 2111 2402 2162 simplicissimo
2430 2114 2492 2150 in-

1374 2165 1473 2202 tuitu
1501 2172 1618 2203 totam
1647 2164 1901 2201 aeternitatem
1930 2161 2186 2215 complectens
2204 2193 2214 2211 ,
2244 2165 2284 2201 in
2313 2179 2390 2216 qua
2420 2179 2490 2204 uec

1375 2217 1548 2255 futurum
1576 2217 1725 2270 aliquid
1753 2216 1830 2254 dici
1859 2224 2002 2267 potest,
2045 2230 2114 2254 nec
2143 2218 2381 2268 praeteritum
2399 2247 2410 2265 ,
2447 2231 2490 2255 o·

1375 2272 1482 2309 mnia
1511 2270 1613 2309 videt
1642 2270 1864 2322 praesentia,
1894 2269 2219 2321 quemadmodum
2249 2284 2364 2322 supra
2391 2270 2499 2323 Cap-¹

1376 2323 1445 2361 IV.
1474 2322 1709 2375 explicatum
1738 2331 1816 2360 est.
1845 2322 1932 2360 Non
1961 2330 2086 2360 tamen
2115 2323 2155 2360 in
2184 2325 2389 2362 aeternitate
2417 2324 2492 2363 ali-

1367 2377 1470 2429 ,quid
1499 2376 1599 2414 videt
1626 2383 1731 2414 extra
1759 2389 1824 2423 se,
1853 2375 1918 2412 sed
1944 2376 2076 2413 omnia
2104 2377 2144 2414 in
2174 2378 2323 2427 seipso,
2353 2390 2416 2415 seu
2446 2378 2488 2416 in

1377 2428 1611 2477 rationibus,
1654 2428 1714 2468 vel
1743 2429 1837 2466 ideis
1864 2428 1942 2466 suis
1976 2428 2119 2468 divinis
2139 2459 2151 2478 ,
2193 2439 2306 2482 prout
2346 2432 2498 2483 saepius·

1376 2481 1461 2534 jam
1490 2483 1635 2520 dictum
1664 2490 1745 2520 est.
1894 2512 1897 2516 .

1438 2549 1526 2586 127.
1555 2536 1641 2573 Inst.
1671 2534 1824 2586 primo·
1867 2534 1965 2572 Cum
1995 2533 2036 2572 S.
2065 2534 2234 2574 Thomas
2270 2536 2399 2575 futura
2426 2550 2497 2576 cor

1378 2590 1508 2640 gnosci
1536 2588 1629 2626 dicit
1658 2589 1698 2625 in
1728 2588 1956 2635 aeternitate‚
1989 2588 2201 2639 significat,
2244 2603 2287 2627 ea
2315 2591 2492 2641 cognosci

1378 2641 1600 2681 immediate
1629 2642 1672 2679 in
1700 2642 1859 2692 seipsis,
1888 2653 1964 2678 non
1993 2650 2120 2678 autem
2151 2643 2191 2678 in
2220 2642 2378 2680 decretis
2407 2656 2488 2681 suae

1381 2695 1610 2741 voluntati„
1652 2707 1740 2746 ergo
1768 2693 1839 2732 Sec.
1868 2691 1981 2731 Proh.
2010 2701 2086 2731 ant.
2122 2693 2262 2743 Deus,
2304 2696 2429 2747 inquit
2458 2696 2491 2735 Ι.

1382 2747 1424 2786 Ρ,
1453 2757 1586 2800 quaest.
1617 2747 1682 2793 14.
1711 2755 1783 2785 art.
1817 2746 1878 2785 15.
1920 2749 2119 2798 cognoscit
2152 2751 2294 2785 onmia
2335 2751 2489 2786 contin-

1378 2804 1543 2852 gentia,
1572 2814 1653 2839 ηοη
1680 2800 1805 2839 solum
1833 2808 1947 2853 prout
1974 2804 2017 2838 ἰη
2044 2803 2124 2838 suis
2152 2805 2306 2850 causis,
2334 2801 2405 2838 sed
2431 2810 2488 2839 et-

2349 2866 2433 2892 tam

1380 2965 1575 2999 asternftate
1600 2967 1788 3000 existentes
1815 2979 1834 3000 a
1859 2967 1933 3000 Deo
1964 2965 2172 3004 videantur,
2209 2965 2325 3009 aliqua
2351 2966 2386 2998 in
2412 2965 2488 3000 Deo

1382 3012 1472 3044 actio
1497 3012 1643 3055 intelligi
1669 3012 1794 3053 debet,
1820 3025 1888 3056 qua
1913 3011 1955 3044 ad
1980 3023 2035 3044 eas
2056 3009 2238 3045 intuendas
2256 3013 2364 3045 veluti
2389 3013 2488 3046 exci-

1381 3065 1476 3090 tetur
1491 3079 1498 3088 .
1526 3057 1733 3102 Hujusmodi
1761 3068 1878 3091 autem
1902 3057 2067 3090 excitatio
2091 3058 2124 3089 in
2141 3057 2212 3090 Deo
2236 3071 2254 3091 a
2278 3059 2381 3092 rebus
2400 3059 2485 3103 ipsis

1380 3104 1608 3147 praesentilms
1634 3105 1707 3136 fieri
1733 3105 1879 3148 nequit3
1906 3114 1984 3136 oum
2010 3103 2200 3136 absurdum
2219 3105 2287 3144 sit,
2314 3117 2368 3138 res
2387 3117 2483 3138 crea-

1379 3157 1433 3181 tas
1460 3160 1557 3191 agere
1586 3150 1618 3181 in
1637 3151 1748 3182 Deum
1765 3165 1773 3181 e
1800 3150 1900 3182 debet
1925 3159 2006 3191 ergo
2028 3149 2112 3180 oriri
2133 3162 2150 3182 a
2168 3148 2315 3183 decretis
2335 3163 2404 3183 suae
2424 3163 2485 3184 vo-

1380 3194 1552 3234 luntatis,
1576 3196 1702 3239 quibus
1729 3196 1809 3229 solis
1836 3196 1927 3227 Deus
1952 3195 2097 3227 excitari
2125 3195 2381 3239 quodammodo
2408 3205 2486 3241 pot-

1377 3249 1429 3273 est
1456 3239 1497 3272 ad
1523 3252 1575 3273 res
1601 3251 1786 3285 prfesentes
1813 3239 2015 3273 intuendas.
2043 3241 2107 3273 Sed
2135 3241 2258 3285 dignus
2283 3252 2335 3275 est
2361 3251 2482 3275 auctor

1379 3286 1475 3329 ipse,
1510 3295 1547 3319 ut
1574 3288 1732 3329 legatum
1769 3298 1878 3329 neque
1905 3287 1997 3319 enim
2022 3289 2141 3331 paucis
2166 3289 2282 3322 verbis
2308 3297 2379 3321 tota
2405 3287 2481 3331 ejus

1378 3330 1683 3368 demonstrationis
1707 3334 1759 3369 vis
1786 3332 1992 3367 sufficienter
2016 3343 2128 3379 potest
2155 3332 2422 3381 comprehendi.
