2577 3633
314 151 370 192 26

239 227 364 278 -potuit
393 236 530 269 caus23
560 223 684 274 prima
712 224 866 275 quidem
883 253 893 271 ‚
925 224 1146 260 &omnium
1172 224 1341 261 maxime

239 276 482 328 probabilis,
524 276 623 328 quod
654 278 691 313 in
720 289 851 314 eorum
880 275 1075 327 codicibus
1104 276 1241 314 vitiatis
1271 289 1341 314 non

241 331 508 367 inveniretur.
552 328 681 367 Altera
705 331 823 367 etiam
864 328 1074 366 omissionis
1115 342 1227 366 cansa
1265 342 1341 366 esse

237 383 387 431 potuit,
429 381 530 433 quod
573 380 715 418 nol-lent
743 395 832 419 cum
860 381 1083 419 adversariis
1121 380 1341 429 cavillosis,

241 433 275 468 8<
305 434 626 485 vitilitigatoribus
655 446 768 471 novas
798 434 831 469 8(
859 435 1096 483 importunas
1130 443 1340 473 controver-

239 487 313 523 sias
340 487 386 524 de
414 486 528 538 hujus
570 486 749 525 versiculi
778 485 962 527 artemia
990 487 1196 532 suscitare3
1239 501 1339 539 prae·

240 538 352 590 cipue
380 553 468 577 cum
499 539 574 577 alia
605 552 673 576 non
702 539 869 575 deessent
897 551 1013 575 sacrae
1043 539 1249 591 Scriptura:
1289 549 1339 577 te-

238 593 414 629 stimonia
456 593 503 629 ad
544 590 770 629 catholicam
800 590 998 629 Trinitatis
1040 592 1155 630 fidem
1195 605 1337 644 propu-

234 645 426 694 gnandam
443 670 454 681 .

297 696 382 733 166.
412 695 613 747 Colligite,
643 695 876 734 audiendum
904 709 977 735 non
1001 711 1081 736 esse
1111 698 1334 746 Erasmum,

235 750 301 799 qui
332 760 398 798 pro
426 757 525 785 certo
563 748 703 787 habens
724 779 734 796 ‚
777 749 975 801 Prologum
1006 752 1044 788 in
1073 747 1245 802 epistolas
1273 765 1335 788 ca-

228 802 386 838 nonicas
416 813 490 838 esse
532 801 669 838 foetum
699 802 739 839 S.
770 803 1024 855 Hieronymi,
1068 805 1154 842 inde
1196 805 1332 851 infert,

225 861 404 891 sanctum
434 853 536 891 1111110
565 854 767 892 Doctorem
798 856 861 907 pia
889 856 1022 894 fraude
1063 855 1177 894 illum
1213 858 1329 894 versi-

231 905 362 944 culum
381 920 488 945 sacro
503 908 619 944 textui
638 909 837 946 inseruisse
851 934 861 945 .
893 907 1026 948 Putida
1037 909 1231 947 calumnia
1246 908 1328 947 haec

234 967 311 1004 e<st3
355 968 434 997 tum
464 961 575 1011 quia,
606 969 645 998 ut
674 961 1042 1010 demonstravimus,
1085 972 1328 1000 monumenta

231 1021 433 1067 suppetunt
459 1013 698 1064 Hieronymo
716 1014 932 1066 antiquiora
953 1028 1020 1066 pro
1048 1015 1235 1055 αὐδ-ψτὶα
1257 1013 1326 1051 1111-

226 1078 288 1114 ‚jus
318 1067 538 1111 commatis;
583 1075 662 1104 tum
692 1067 805 1104 etiam
834 1069 925 1118 quia
966 1070 1056 1105 viris
1096 1068 1211 1105 doctis
1240 1069 1326 1105 satis

223 1117 426 1168 ,probabile
455 1127 534 1165 est,
563 1117 766 1170 Prologum
793 1133 871 1158 esse
901 1120 1128 1173 Hieronymi
1159 1133 1241 1159 aevo
1269 1134 1326 1159 re-

224 1171 432 1209 centiorem
461 1171 527 1222 (a)
545 1197 556 1210 .

633 1277 805 1315 CAPUT
847 1277 915 1316 IV.

287 1381 496 1432 Refellitur
525 1381 685 1419 lzoeresis
714 1382 946 1419 Sabelliuna.
975 1395 1028 1420 ex
1055 1383 1265 1423 traditione

543 1434 784 1472 Sanctorum
813 1435 1005 1473 Parrum.

276 1539 366 1591 167.
384 1520 460 1586 Et
489 1542 614 1593 primo
640 1542 798 1595 quidem
827 1551 1045 1594 argumento
1064 1542 1260 1594 generali,
1289 1542 1323 1580 81

214 1598 549 1643 gproescriptionis,
582 1604 621 1632 ut
651 1605 808 1633 vocant.
851 1596 1003 1634 Etenim
1029 1597 1166 1647 dogma
1196 1598 1324 1635 distin-

216 1647 352 1684 ctionis
382 1649 495 1685 trium
525 1661 769 1699 personarum
799 1664 821 1686 a
850 1650 984 1700 prim-is
1005 1663 1122 1700 usque
1144 1651 1324 1701 tempori-

216 1698 290 1736 bus
321 1701 358 1736 in
377 1700 550 1739 Ecclesia
579 1715 726 1753 semper
755 1703 944 1752 viguisse,
973 1702 1100 1740 velex
1126 1716 1171 1739 eo
1199 1703 1324 1740 solum

224 1749 440 1789 luculenter
469 1764 652 1804 apparet,
681 1755 781 1804 quod
812 1755 935 1790 statim
967 1768 1009 1790 ac
1039 1754 1204 1800 Noetus,
1235 1753 1322 1792 Pra-

216 1816 333 1849 xeas,
363 1804 578 1852 Sabellius,
608 1805 750 1856 aliique
780 1805 999 1855 hujusmodi
1029 1806 1326 1855 pestilentissimi

216 1854 390 1893 homines
420 1856 638 1895 divinarum
670 1857 918 1894 Personarum
953 1858 1227 1896 distinctionem
1257 1859 1326 1896 tol-

217 1908 297 1945 lere
325 1910 445 1946 conati
474 1919 559 1948 sunt
579 1940 590 1957 ,
618 1924 747 1948 omnes
777 1909 906 1948 fideles
934 1919 1064 1948 contra
1092 1912 1191 1962 ipsos
1219 1911 1326 1950 velu-

217 1963 247 1998 -ti
271 1962 472 1999 Novatores
500 1976 569 2014 pro
596 1964 763 2014 antiquae
790 1962 992 2001 catholicae
1021 1963 1113 2001 fidei
1141 1964 1325 2004 defensio-

214 2029 263 2051 ne
310 2016 622 2053 insurrexerunt.
664 2016 799 2052 Contra
829 2015 1012 2052 praxeam
1041 2017 1320 2056 distinctionem

216 2067 461 2104 Personarum
493 2068 700 2105 vindicavit
729 2066 1012 2114 Tertullianus,
1043 2070 1109 2119 qui
1137 2072 1251 2108 etiam
1281 2072 1322 2109 in

212 2134 303 2171 cap.
339 2133 371 2157 1.
401 2119 519 2169 libri,
563 2133 678 2171 quem
707 2121 885 2157 adversus
915 2121 1038 2171 ipsum
1073 2125 1320 2175 conscripsit,

213 2181 368 2219 narrat,
412 2187 498 2210 eum
529 2173 642 2211 fuisse
671 2174 718 2211 ad
748 2173 981 2225 palinodiam
1010 2183 1210 2225 coactum,
1242 2179 1319 2215 imo

215 2225 386 2276 ejusdem
418 2227 686 2265 emendationis
715 2239 883 2264 manere
911 2225 1213 2279 chirographum
1230 2260 1242 2278 ,
1271 2228 1318 2267 11-

211 2288 272 2317 cet
301 2287 423 2329 postea
452 2293 604 2317 excussa
633 2280 753 2317 fronte
781 2281 828 2318 ad
858 2291 1022 2317 errorem
1052 2282 1203 2320 redierit
1233 2282 1317 2334 (b).

273 2332 359 2370 168.
390 2332 551 2371 Noetum
580 2334 820 2385 impugnavit
838 2332 878 2370 S.
900 2333 1132 2384 Hyppolitus
1161 2335 1318 2387 Episco-

215 2399 286 2437 pus
314 2385 348 2421 &
370 2385 520 2437 Martyr
549 2388 588 2423 in
619 2401 660 2424 eo
690 2386 815 2435 libro,
846 2385 906 2424 vel
935 2385 1121 2435 homilia,
1150 2403 1236 2439 quae
1260 2390 1318 2427 in-

213 2440 353 2490 scripta
380 2447 431 2475 est
458 2439 508 2476 tle
527 2438 615 2476 Deo
634 2453 737 2488 uno,
767 2440 815 2480 ὅ]
845 2444 946 2477 trino
963 2469 973 2485 ,
1003 2440 1051 2480 ὠ
1072 2444 1316 2479 incarnatio-

212 2504 264 2528 ne
285 2507 300 2535 ς
330 2491 395 2529 ubi
421 2493 538 2529 etiam
558 2506 666 2530 num.
694 2506 725 2530 1.
754 2502 900 2542 narrat,
931 2493 1092 2531 Noetum
1122 2504 1314 2533 contuma-

214 2558 297 2581 cem
327 2545 440 2581 fuisse
469 2544 517 2582 ab
547 2545 718 2583 Ecclesia
747 2546 936 2597 ejectum,
966 2546 1067 2596 quod
1086 2546 1313 2599 &Epipha-

217 2598 300 2634 nius
328 2611 480 2649 quoqne
509 2597 668 2636 Hoeresi
688 2599 807 2637 LVII.
839 2600 1065 2637 confirmat.

275 2649 360 2701 169.
391 2650 565 2702 Denique
580 2653 733 2704 quando
752 2652 890 2703 majori
911 2652 1063 2690 licentia
1092 2652 1220 2690 eadem
1237 2653 1315 2691 hae-

213 2702 303 2739 resis
338 2703 383 2741 de
423 2716 519 2743 novo
563 2706 710 2757 erupit,
751 2705 1014 2746 obstetricante
1041 2704 1231 2756 Sabellio,
1273 2707 1314 2748 S.

260 2867 306 2916 (a)
337 2865 388 2899 De
414 2874 484 2901 tota
509 2867 574 2901 hac
599 2870 789 2913 quaestione
813 2870 923 2905 videri
961 2880 1104 2916 possunt
1131 2871 1219 2906 Lud.
1244 2874 1314 2907 Ro-

214 2919 327 2951 gemus
353 2913 578 2947 Bituricensis
603 2916 767 2950 Ecclesiae
794 2918 954 2951 Decanus
987 2923 1023 2951 ιή
1048 2918 1149 2951 Dz'ss.
1187 2924 1313 2955 critica

217 2955 363 3004 theolog.
391 2961 433 2992 (Ζο
455 2961 514 2993 -Jzz’s
540 2961 770 3005 Evangeliscae
797 2966 933 2996 uerbis:
962 2973 1033 2997 tres
1059 2974 1134 2997 sunt
1161 2967 1312 3000 (Tc-Pa-

214 3002 306 3051 r1sii's
337 3007 436 3045 ¹7²3·
464 3007 497 3039 in
529 3017 605 3047 12.‚
646 3009 679 3040 P.
708 3009 810 3042 Prud-
840 3011 963 3042 Mai-an
989 3010 1072 3044 Ord.
1110 3012 1143 3043 S.
1171 3012 1315 3046 Benedi-

215 3052 260 3098 cti
290 3057 321 3078 111
347 3060 473 3092 opere:
501 3052 680 3087 Divinitas
706 3054 754 3086 Ι).
782 3057 828 3088 N.
854 3056 888 3087 J.
917 3056 955 3087 C.
983 3061 1017 3089 in
1045 3061 1162 3100 script.
1182 3064 1223 3090 ΦΓ
1243 3067 1313 3092 tra-

214 3091 280 3122 dit·
310 3092 399 3143 Part.
421 3098 460 3127 lt.
487 3110 561 3142 cap.
596 3112 649 3142 19·
667 3123 676 3141 ‚
704 3101 738 3132 P.
764 3102 817 3135 Jo.
846 3102 967 3135 Franc.
995 3103 1095 3135 Bern.
1133 3105 1245 3137 Maria
1270 3104 1310 3137 de

215 3136 363 3190 1311111015-
375 3144 411 3190 {n
440 3142 539 3175 Diss.
565 3147 606 3177 de
633 3148 740 3179 tribus
767 3150 799 3180 in
825 3151 910 3181 coelo
938 3151 1081 3182 testibus
1107 3152 1170 3182 δίο.
1197 3150 1310 3184 Vene-

213 3189 271 3232 tus
302 3194 402 3225 1733.
420 3207 429 3224 ,
462 3188 496 3217 P.
523 3191 656 3224 Cwlmet
682 3193 717 3224 in
746 3194 835 3226 Diss.
853 3216 862 3233 ‚
889 3197 920 3226 ὃς
946 3195 1060 3239 Scipio
1087 3195 1246 3239 Maffejus
1274 3198 1308 3229 in

211 3227 305 3282 11150.
331 3231 374 3262 de
401 3232 602 3266 Cassiodori'
630 3238 925 3279 Complerionibns
953 3241 1053 3273 Τοῐη.
1071 3244 1129 3274 111.
1159 3242 1308 3276 Thesau-

212 3286 241 3304 η
270 3274 455 3320 11100105...
476 3278 720 3322 Epliernerisles
737 3285 968 3318 'I'revol:,ianae
987 3288 1105 3319 Mense
1133 3289 1231 3321 Febr.
1250 3300 1305 3320 an.

218 3319 319 3361 1714.
347 3331 411 3355 art.
438 3335 488 3365 1]-
516 3335 706 3360 memorant
747 3340 829 3372 opus
856 3331 950 3363 Frid.
977 3333 1117 3366 Ernesti
1142 3335 1303 3375 Kefneti,

995 141 1394 187 DISSERTATIO
1427 143 1462 186 1.
1515 141 1642 186 CAP.
1675 140 1754 184 IV.

1410 223 1618 275 Dionysius
1638 217 1916 260 Alexandrinus
1956 227 2082 260 contra
2111 234 2194 261 eam
2225 220 2425 261 fortissime
2456 222 2514 264 di-

1410 275 1600 320 1nicavit3
1642 283 1724 311 tum
1754 272 1852 311 alius
1878 272 2110 324 Dionysius,
2152 290 2269 327 quam
2300 276 2513 317 Romanam

1408 328 1561 379 regebat
1589 327 1802 365 Ecclesiam
1820 355 1831 372 ,
1877 338 1954 362 non
1983 328 2110 365 minus
2137 328 2299 372 Sabellii
2335 329 2514 382 blasphe-

1407 383 1506 418 mias
1522 410 1532 428 ,
1561 381 1629 432 qui
1649 389 1719 417 tnes
1739 377 1995 417 confundebat
2013 378 2158 418 divinas
2178 380 2369 432 Personas,
2389 398 2511 436 quam

1407 433 1521 471 illum
1549 433 1804 484 quorumdam
1835 442 2027 479 errorem,
2058 433 2125 482 qui
2147 441 2217 474 tres
2237 434 2337 472 Deos
2365 437 2509 488 praedi-

1405 486 1569 533 cabant,
1617 485 1948 523 condemnandum
1976 482 2184 534 judicavit.
2227 485 2324 523 Vide
2353 489 2510 541 Fragm,

1405 539 1513 589 epist.
1529 538 1574 575 ll.
1598 537 1644 575 T.
1661 539 1691 575 Ι.
1716 537 1978 575 Conciliorum
1998 552 2037 589 p.
2065 550 2178 576 1012.
2198 537 2288 576 edit.
2309 553 2373 576 an.
2395 544 2512 594 1759.

1463 605 1550 642 170.
1580 590 1725 629 Eadem
1754 590 2000 628 sanctissimae
2027 590 2226 629 ‘Trinitatis
2255 589 2439 631 catholica
2465 596 2512 633 fi-

1403 644 1466 680 des
1495 646 1533 680 in
1563 644 1706 681 duodus
1722 642 1965 682 Antiochenis
1979 643 2161 682 Conciliis
2189 653 2319 682 contra
2347 644 2512 685 Paulum

1403 695 1690 734 samosat-enum
1719 699 1824 734 annis
1846 695 1964 744 264„
1995 696 2029 732 8(
2061 696 2149 749 269.
2179 696 2381 736 celebratis
2410 698 2513 736 mul-

1403 757 1528 786 torum
1558 749 1711 787 Patrum
1739 763 1921 787 consensu
1949 749 2174 788 confirmata
2203 751 2276 788 fuit
2293 777 2304 788 .
2331 751 2394 790 Ex
2422 753 2511 804 qui-

1400 801 1472 840 bus
1500 812 1682 854 apparet,
1719 816 1901 854 quaenam
1931 802 2047 840 fuerit
2074 801 2119 840 de
2149 802 2217 840 1100
2242 805 2511 855 >augustissimo

1395 864 1533 893 nostrae
1558 855 1764 908 Religionis
1785 855 1968 908 mysterio
1986 857 2103 893 trium
2132 857 2419 908 praecipuarum
2435 857 2510 895 Ec-

1396 908 1598 947 clesiarum
1627 909 1749 958 fides,
1779 908 1961 947 Romanae
1990 908 2154 956 scilicet,
2184 923 2272 961 quae
2304 923 2420 962 supra
2447 924 2510 947 ce-

1396 969 1493 1000 teras
1522 976 1651 1000 omnes
1679 963 1891 1014 primatum
1919 970 2040 1009 tenet,
2085 961 2356 1001 Alexandrinae
2374 993 2386 1010 ,
2415 976 2505 1016 quae

1394 1015 1630 1064 secundum,
1661 1015 1694 1051 8<
1725 1014 2003 1063 Antioclienae,
2040 1028 2128 1067 quuae
2160 1016 2314 1054 tertium
2343 1016 2507 1067 dignita-

1390 1070 1438 1106 tis
1466 1069 1626 1120 gradum
1656 1077 1742 1106 tunc
1766 1068 1990 1107 obtinebat.
2338 1094 2341 1099 ι

1455 1135 1467 1159 1
1481 1136 1542 1172 71.
1572 1122 1645 1160 Sed
1675 1121 1832 1160 ulterius
1851 1121 1963 1160 facile
1984 1120 2169 1159 refellitur
2188 1121 2508 1162 Sabellianahae-

1396 1176 1488 1213 resis
1515 1175 1686 1213 adductis
1726 1173 1920 1213 nonnullis
1948 1182 2119 1212 veter-um
2149 1174 2303 1212 Patrum
2341 1177 2504 1215 testimo-

1390 1229 1468 1274 ,niis
1486 1257 1496 1274 ,
1525 1231 1592 1279 qui
1622 1242 1743 1265 unum
1771 1228 1898 1265 Deum
1928 1228 1968 1264 in
1989 1227 2177 1264 Trinitate
2198 1227 2443 1267 Personarum
2464 1244 2504 1267 a·

1396 1290 1500 1332 perte
1528 1281 1814 1331 praedicarunt.
1857 1280 2043 1316 Omnium
2073 1289 2199 1320 autem
2234 1295 2370 1332 agmen
2399 1282 2505 1320 ducit

1396 1334 1437 1371 S.
1466 1333 1642 1370 Clemens
1670 1331 1772 1368 Petri
1801 1333 1842 1369 in
1883 1330 2084 1382 apostolica
2113 1332 2208 1369 Sede
2250 1343 2331 1383 post
2359 1334 2504 1372 Linum

1394 1398 1610 1433 successor,
1653 1383 1762 1436 cujus
1791 1383 2135 1422 luculentissimam
2163 1392 2302 1421 sanctae
2334 1385 2503 1423 Trinita-

1395 1439 1442 1476 tis
1471 1438 1740 1476 confessionem
1769 1437 1874 1475 nobis
1904 1435 2058 1474 exhibet
2085 1437 2126 1475 S.
2146 1436 2308 1474 Basilius
2337 1437 2425 1475 Lib.
2455 1437 2505 1476 de

1396 1491 1540 1541 Spiritu
1569 1500 1710 1529 sancto
1730 1505 1764 1529 c.
1788 1503 1850 1542 29.
1864 1489 1925 1528 his
1945 1489 2092 1528 verbis:
2111 1519 2140 1538 „
2161 1490 2233 1528 Sed
2255 1489 2288 1525 δε
2307 1491 2501 1542 antiquior

1395 1574 1421 1593 ,‚
1452 1544 1626 1582 Clemens
1656 1547 1760 1591 vivit,
1791 1545 1943 1596 inquit,
1974 1542 2112 1591 Deus,
2141 1543 2190 1583 ἴθ’
2211 1542 2409 1580 Dominus
2428 1556 2502 1580 no-

1394 1627 1421 1646 „
1450 1606 1530 1635 ster
1544 1597 1656 1636 Jesus
1680 1596 1874 1645 Christus,
1895 1597 1943 1637 <9⁴
1959 1593 2124 1646 Spiritus
2144 1604 2308 1634 sanctus
2325 1599 2351 1618 ‘⁶
2369 1622 2380 1634 .
2401 1596 2500 1645 Quis

1392 1659 1502 1702 neget
1530 1651 1591 1690 1110
1619 1659 1694 1689 tres
1721 1650 1913 1689 distinctas
1942 1650 2137 1688 numerari
2167 1648 2373 1688 Personas?

1451 1718 1538 1754 172.
1569 1704 1725 1742 Accedit
1754 1703 1794 1742 S.
1825 1704 1994 1742 Justinus
2023 1701 2202 1755 Martyr,
2232 1703 2367 1756 quiin
2397 1701 2500 1753 Δρο-

1392 1757 1498 1807 logia
1527 1758 1556 1793 I.
1586 1758 1807 1807 Imperatori
1829 1756 2017 1793 Antonino
2045 1758 2148 1793 circa
2176 1770 2319 1793 annum
2346 1756 2431 1793 150.
2459 1768 2499 1792 o-

1390 1808 1495 1845 blata
1522 1822 1559 1845 11.
1595 1809 1654 1846 13.
1684 1808 1860 1845 atlieifflni
1888 1807 2122 1845 calumniam
2153 1822 2175 1844 a
2201 1806 2424 1845 Christianis
2452 1820 2499 1844 ex

1390 1873 1436 1896 eo
1465 1860 1649 1912 depellit,
1692 1861 1792 1913 quod
1820 1869 1893 1899 tres
1923 1860 2035 1913 plane
2063 1860 2243 1898 Personas
2283 1861 2429 1898 divinas
2458 1875 2497 1898 a·

1393 1913 1548 1951 dorent.
1578 1915 1659 1951 Imo
1687 1922 1737 1951 tot
1764 1922 1849 1951 sunt
1877 1913 1991 1964 hujus
2021 1913 2061 1951 S.
2082 1913 2268 1965 Martyris
2297 1914 2343 1951 de
2372 1921 2496 1951 sancta

1392 1975 1504 2018 atque
1532 1966 1733 2005 individua
1764 1966 1954 2004 Trinitate
1983 1967 2195 2004 testimonia
2215 1996 2225 2015 ,
2269 1975 2308 2004 ut
2336 1965 2497 2005 nonnul-

1391 2019 1438 2057 lis
1467 2019 1735 2058 recentioribus
1763 2019 1974 2058 Socinianis
2004 2020 2042 2057 in
2072 2028 2237 2058 mentem
2267 2021 2410 2060 venerit
2439 2020 2496 2058 fa-

1389 2071 1549 2110 bulandi
1567 2103 1577 2121 ,
1606 2073 1796 2111 Justinum
1827 2073 1942 2111 fuisse
1970 2074 2140 2125 primum
2159 2104 2169 2121 ,
2198 2074 2266 2125 qui
2296 2073 2494 2112 Trinitatis

1387 2127 1612 2177 mysterium
1657 2140 1702 2163 ex
1745 2125 1987 2177 philosophia
2013 2124 2208 2165 Platonica
2249 2127 2287 2163 in
2314 2125 2495 2164 Christia-

1387 2192 1480 2215 nam
1509 2179 1731 2229 religionem
1761 2179 1974 2216 invexerit.
2005 2177 2095 2214 Vid.
2125 2192 2240 2229 supra
2268 2192 2376 2216 num.
2400 2186 2481 2230 27.“

1447 2231 1534 2282 175.
1564 2231 1819 2282 Athenagoras
1846 2232 1962 2269 etiam
1991 2231 2138 2268 Justino
2166 2232 2244 2269 fere
2272 2244 2424 2270 coaevus
2452 2233 2495 2269 in

1385 2282 1530 2321 celebri
1558 2298 1626 2323 sua
1654 2283 1875 2336 Legatione
1903 2296 1971 2335 pro
1995 2282 2228 2323 Christianis
2256 2283 2386 2322 oblata
2414 2284 2493 2323 Im-

1385 2338 1623 2388 peratoribus
1653 2337 1712 2376 Μ.
1742 2336 1900 2375 Aurelio
1928 2338 2146 2385 Antonino,
2188 2336 2222 2373 δε
2258 2337 2304 2376 L.
2334 2336 2492 2375 Aurelio

1383 2391 1591 2428 Commodo
1620 2404 1719 2429 anno
1753 2403 1841 2441 177.
1871 2405 1981 2430 num.
2011 2404 2074 2429 20.
2112 2390 2285 2430 eamdem
2312 2389 2491 2428 atheismi

1383 2443 1621 2483 calumniam
1650 2445 1909 2496 dispungens,
1939 2448 2022 2495 quis
2050 2446 2168 2495 igitur
2195 2456 2274 2480 non
2301 2446 2490 2491 miretur,

1382 2497 1534 2549 inquit,
1564 2511 1656 2535 cum
1684 2496 1820 2537 atheos
1849 2501 1980 2535 vocari
2000 2497 2140 2535 audiat
2160 2509 2246 2545 eos,
2275 2499 2339 2548 qui
2352 2494 2489 2533 Deum

1382 2549 1545 2588 Patrem
1564 2581 1574 2599 ,
1604 2551 1653 2592 ὠ
1668 2550 1811 2588 Filium
1831 2549 1964 2588 Deum
1981 2581 1991 2598 ,
2020 2551 2068 2591 <⁸²9⁴
2086 2550 2274 2601 Spiritum.
2302 2557 2489 2587 sanctum

1382 2613 1593 2652 asserunt,
1623 2618 1674 2642 ac
1703 2617 1839 2642 eorum
1865 2608 1909 2642 in
1937 2608 2082 2642 unione
2101 2607 2320 2654 potentiam
2337 2633 2348 2650 ,
2378 2602 2426 2642 ἄν
2446 2605 2489 2639 in

1381 2656 1517 2695 ordine
1546 2657 1838 2697 distinctionem
1867 2656 2178 2698 demonstrant?
2205 2656 2351 2697 Eadem
2373 2655 2487 2696 habet

1382 2723 1423 2749 n.
1458 2724 1517 2751 12.
1547 2711 1581 2748 &
1612 2711 1676 2759 24.
2398 2762 2422 2808 4

2349 2777 2392 2813 17
2425 2787 2436 2799 ι

1380 2876 1438 2908 cui
1465 2876 1610 2912 titulus:
1644 2878 1813 2914 Vindictae
1839 2893 1924 2913 7100ae
1949 2881 2040 2913 dicti
2067 2873 2280 2910 ‹vexatis-simi
2305 2871 2348 2903 cle
2374 2871 2482 2903 tribus

1382 2935 1417 2953 111
1443 2926 1528 2957 coelo
1555 2928 1698 2959 testibus
1724 2931 1883 2970 opposita
1900 2924 2098 2967 Christoplz.
2127 2919 2250 2953 Sandiz'
2278 2921 2482 2960 interpreta-

1381 2970 1528 3001 tionibus
1555 2975 1627 3004 (γε.

1425 3016 1471 3052 (6)
1502 3017 1644 3050 Frustra
1682 3019 1819 3051 laboras:
1854 3018 1908 3050 Jo.
1936 3016 2092 3049 Clericus
2129 3013 2163 3046 in
2201 3012 2298 3045 Hist.
2325 3011 2412 3045 Ecc.
2439 3010 2482 3043 ad.

1380 3071 1508 3093 annum
1540 3063 1640 3103 186„
1666 3065 1810 3107 probare
1836 3061 2069 3101 contendens,
2095 3069 2203 3093 totam
2218 3059 2479 3091 Tertullianum

1379 3106 1470 3137 inter
1506 3110 1535 3139 &
1563 3109 1728 3142 praxeam
1764 3108 2034 3142 controversiain
2074 3108 2109 3139 in
2135 3119 2173 3139 eo
2209 3106 2314 3138 fuisse
2335 3126 2345 3144 ,
2386 3100 2478 3148 quod

1381 3151 1618 3187 Tertullianus
1644 3156 1806 3194 Patrem,
1844 3158 1875 3186 ἃς
1902 3154 2028 3187 Filium
2055 3152 2139 3186 (luas
2165 3164 2237 3185 esse
2264 3150 2477 3184 substantias

1378 3196 1530 3230 diversas
1556 3199 1718 3240 doceret,
1751 3210 1890 3243 negaret
1916 3209 2030 3233 autem
2059 3200 2229 3233 Praxeas.
2271 3197 2446 3230 Nimirum
2464 3215 2474 3233 ‚

1376 3244 1404 3275 si
1424 3245 1555 3287 superis
1575 3247 1710 3289 placet,
1735 3245 2013 3280 orthodoxuserit
2034 3247 2181 3281 Praxeas
2196 3266 2206 3285 ,
2235 3242 2473 3278 Tertullianus

1376 3298 1492 3323 autem
1517 3289 1582 3324 hae
1608 3292 1642 3325 in
1666 3302 1764 3336 parte
1791 3292 1972 3327 haereticus
1988 3316 1995 3323 .
