2577 3633
842 47 884 65 -;;

275 110 329 160 410

261 188 328 224 iste
342 191 467 220 autem
487 180 651 231 Spiritus
673 177 890 229 utriusque,
919 177 1101 227 quoniam
1130 175 1176 211 de
1207 184 1304 212 utro-

202 269 234 288 „
263 251 336 288 que
365 234 592 285 procedit
610 232 712 278 Quid
731 242 856 268 autem
885 232 979 267 inter
1008 228 1136 275 nasci,
1167 228 1199 264 8<
1222 240 1305 278 pro-

261 289 392 325 cedere
421 287 588 333 intersit,
636 286 680 322 de
710 284 779 321 illa
821 281 1134 320 excellentissima
1174 291 1306 318 natura

262 341 415 393 loquens
444 338 634 391 explicare
661 339 746 390 quis
762 333 905 389 potest?
935 334 1017 371 *Nou
1037 346 1175 381 omne,
1204 334 1306 385 quod

262 393 457 445 procedit,
499 393 692 438 nascitur,
735 389 911 442 quamvis
953 400 1065 423 omne
1101 387 1304 437 procedat,

262 446 361 498 qnod
390 446 577 489 nascitur3
606 445 788 481 sicutnon
803 453 940 487 omne,
970 438 1071 490 quod
1099 439 1206 491 bipes
1226 449 1303 486 est,

263 499 376 535 homo
403 507 484 547 est,
513 498 686 549 quamvis
707 495 813 544 bipes
840 494 888 530 sit
915 492 1038 529 omnis
1055 521 1065 539 ,
1095 494 1161 543 qni
1192 492 1304 528 homo

256 561 340 589 est.
383 552 477 589 Haec
505 553 602 594 scio3
647 549 873 597 distinguere
901 554 1028 581 autem
1072 545 1168 582 inter
1196 544 1304 582 illam

261 607 556 656 generationem,
586 603 619 637 Sc
640 600 735 637 hanc
754 600 1031 649 processionem
1052 599 1175 635 nescio
1191 628 1201 644 ,
1232 611 1304 634 non

263 657 396 705 valeo,
426 671 494 693 nec
523 653 694 691 sufficio.
724 651 779 688 Et
800 654 927 689 tract.
948 664 1012 703 99.
1043 655 1083 687 in
1111 650 1169 688 so.
1200 650 1303 696 Quid

263 711 369 757 illic,
398 711 546 759 inquit,
577 707 718 744 intersit
749 707 843 742 inter
873 703 1100 756 procedere,
1131 703 1302 748 &11¹2ch

262 763 294 798 8(
323 762 477 812 longum
507 770 558 797 est
585 758 792 810 quaerendo
832 758 1038 804 disserere,
1082 755 1116 792 ἃ
1145 765 1304 793 temera-

260 816 387 861 rium,
417 827 506 851 cum
535 812 753 849 disserueris
771 841 780 858 ,
825 810 1010 852 definire,·
1052 811 1144 860 qnia
1174 808 1242 845 hoc
1271 806 1304 842 8<

261 868 379 905 menti
409 876 614 917 utcumque
644 862 980 915 comprehendere,
1009 862 1042 898 δε
1063 863 1092 899 si
1122 862 1213 913 quid
1230 861 1305 897 for-

200 210 232 235 ’.ἡ

200 320 232 339 ’93

200 371 232 391 ‘25

205 424 234 444 2>

200 477 232 496 δ’

206 530 233 548 75

206 581 233 601 9)

196 635 232 654 ‘2’

207 689 233 708 59

200 741 234 760 227

204 794 231 813 ³>

205 846 230 864 2)

205 898 232 916 9²

198 950 230 970 Ἢ
261 988 367 1011 mum
396 982 448 1010 est
477 971 667 1024 explicare
689 1000 699 1019 ,
729 968 985 1021 quantuslibet
1003 969 1128 1020 praesit
1147 967 1275 1003 doctor
1291 994 1303 1012 ,

200 1057 231 1074 a>
261 1026 518 1079 quantuslibet
555 1025 649 1061 adsit
689 1024 862 1060 auditor.
884 1025 909 1042 ‘⁴
941 1022 1050 1068 Quod
1091 1022 1205 1070 igitur
1234 1018 1302 1055 SS-

199 1078 326 1117 Patres
356 1076 645 1131 inexplicabile,
690 1078 766 1114 imo
795 1087 943 1127 prorsus
984 1072 1304 1123 incomprehensi-

197 1133 279 1170 bile
308 1132 552 1183 judicarunt,
595 1143 668 1168 non
697 1137 812 1181 potest
840 1129 920 1165 sine
951 1141 1086 1179 magna
1114 1126 1303 1164 temerita-

198 1187 248 1223 tis
277 1195 363 1222 nota
393 1184 604 1236 explicari..
672 1231 676 1235 .

256 1238 322 1275 85.
353 1237 537 1288 Respond.
561 1266 570 1283 ,
599 1235 750 1273 Sanctos
766 1234 894 1272 ‘Patres
922 1232 1083 1270 noluisse
1104 1231 1198 1269 hanc
1227 1230 1302 1268 di-f-

148 1304 152 1307 '
200 1290 420 1328 ficillimam
444 1290 737 1326 controversiam
765 1287 935 1336 ingredi,
964 1286 1113 1336 quando
1141 1283 1303 1334 agebant

198 1352 330 1381 contra
359 1345 541 1387 Arianos,
585 1340 618 1375 8<
648 1339 966 1383 Macedouiauos‚
1010 1339 1078 1388 qui
1114 1337 1302 1386 Spiritum

199 1404 368 1433 sanctum
397 1407 472 1432 non
503 1407 578 1430 esse
606 1393 775 1429 divinam
816 1402 1011 1441 personam
1050 1388 1300 1438 colligebant,

199 1450 294 1499 quia
320 1447 394 1484 Dei
424 1445 524 1482 filius
552 1457 627 1482 non
658 1452 741 1491 est,
778 1444 856 1480 imo
884 1455 1003 1492 neque
1030 1445 1208 1493 genitus,
1240 1453 1301 1476 ne-

198 1514 274 1551 que
301 1502 497 1551 ingenitus
524 1497 747 1535 dicebatur.
777 1495 983 1532 Prudenter
1012 1504 1138 1531 autem
1162 1491 1301 1530 -Catho-

198 1551 267 1591 lici
297 1551 360 1590 lias
389 1552 683 1598 controversias,
725 1562 812 1601 qnae
842 1549 889 1584 ad
932 1547 1047 1585 fidem
1084 1560 1157 1584 non
1188 1547 1301 1596 perti-

200 1615 312 1652 nent,
357 1604 692 1656 praetermittendas
721 1617 797 1639 esse
827 1600 1028 1647 volebant,
1059 1614 1104 1637 ne
1134 1599 1302 1636 Trinita-

198 1660 248 1696 tis
278 1659 395 1695 hostes
437 1658 494 1695 his
535 1655 769 1694 diverticulis
811 1654 1073 1700 elaberentur,
1116 1661 1226 1703 atque
1255 1651 1302 1688 ad

201 1726 262 1750 eos
297 1712 544 1758 coercendos,
593 1710 625 1745 ἃ
655 1708 927 1746 convincendos
970 1707 1105 1743 merito
1147 1718 1304 1754 repone-

198 1763 318 1811 baut,
361 1763 457 1801 illud
485 1763 607 1799 solum
651 1760 910 1805 credendum,
954 1757 1302 1808 &praedicandum

201 1831 312 1862 esse,
355 1816 453 1865 quod
482 1829 503 1850 a
531 1814 612 1851 Deo
641 1813 680 1848 in
709 1813 822 1848 sacris
848 1811 959 1848 libris
988 1808 1196 1846 revelatum
1226 1817 1301 1854 est,

201 1882 273 1906 nec
303 1867 379 1905 alia
396 1896 406 1914 ,
436 1880 522 1917 quae
553 1873 712 1902 reserata
732 1878 753 1900 a
776 1864 856 1900 Deo
875 1875 949 1900 non
978 1870 1060 1899 sunt
1078 1890 1087 1908 ,
1119 1861 1303 1898 curiosius

205 1935 282 1959 esse
311 1919 564 1969 investiganda
593 1916 867 1968 praecipiebant
898 1914 982 1965 (a).

259 1973 324 2012 86.
354 1973 415 2009 Sic
444 1972 484 2009 8,.
515 1970 738 2008 Athanasius
767 1970 805 2005 in
843 1969 949 2019 epist.
978 1967 1025 2004 ad
1053 1965 1300 2017 Serapionem

206 2028 254 2064 ad
284 2024 497 2062 resecandas
527 2025 653 2059 inanes
677 2020 716 2055 ·&
744 2020 885 2058 dolosas
907 2020 1182 2056 Haereticorum
1213 2018 1300 2054 sub-

199 2079 354 2117 tilitates
385 2075 653 2125 respondebat:
689 2103 713 2120 „
734 2071 882 2109 Sufficit
912 2071 980 2108 hoc
1010 2084 1142 2117 nosse,
1179 2070 1300 2120 Spiri-

262 2142 340 2168 tum
371 2137 537 2167 sanctum
568 2140 643 2163 non
673 2139 749 2163 esse
777 2132 987 2162 creaturam
1006 2153 1015 2170 ,
1058 2136 1177 2174 neque
1206 2123 1301 2159 inter

262 2196 376 2235 opera
395 2181 586 2218 numerari
603 2206 613 2216 .
631 2206 640 2216 .
657 2205 667 2217 .
680 2179 777 2216 Haec
798 2176 990 2215 sufficiunt
1009 2176 1187 2214 fidelibus
1203 2205 1213 2222 ,
1235 2174 1304 2212 liu-

263 2250 404 2287 cusque
450 2234 620 2271 humana
655 2232 830 2283 pertingit
872 2231 1065 2281 cognitio,
1105 2228 1304 2280 'hucusque

264 2303 351 2326 cuni
381 2296 535 2325 ventum
565 2294 637 2333 est,
666 2283 876 2322 Cherubim
898 2284 1031 2334 pennis
1050 2281 1227 2319 obvelant
1248 2282 1303 2318 fa-

199 1004 230 1022 3>

206 2162 232 2181 >2

204 2214 233 2234 ³)

207 2266 233 2285 2>

203 2318 235 2391 ἒξ
264 2344 360 2379 ciem
379 2340 457 2391 ejus
471 2367 480 2378 .
510 2340 588 2387 Qui
609 2347 732 2376 antem
754 2337 865 2388 plura
881 2337 958 2373 istis
979 2336 1149 2388 inquirit,
1170 2334 1202 2369 8<
1220 2345 1304 2386 per-

205 2424 236 2445 „
265 2396 422 2434 scrutari
451 2394 558 2446 cupit
574 2422 584 2441 ,
628 2390 729 2430 male
764 2390 999 2441 obtemperat
1045 2388 1203 2427 dicenti:
1246 2387 1305 2425 Ne

261 2563 308 2597 (a)
338 2559 385 2591 Ut
412 2555 527 2601 έῑῐψια
554 2567 722 2601 ponamus
749 2555 853 2600 liujus
879 2556 928 2588 rei
952 2553 1135 2598 exempla,
1162 2553 1210 2585 ita
1228 2550 1311 2585 Haa-

211 2605 310 2637 retici
346 2605 601 2637 cavillabantnr
626 2602 715 2647 apud
742 2604 775 2634 S.
802 2601 1032 2635 Athanasium
1070 2601 1105 2632 in
1142 2600 1241 2643 epist.
1269 2598 1310 2631 ad

215 2651 454 2693 Serapionem:
484 2649 526 2681 Si
553 2650 709 2692 Spiritus
739 2657 874 2681 sanctus
888 2656 1044 2680 creatura
1069 2653 1227 2684 non-est,
1253 2658 1310 2677 ne-

215 2709 275 2739 que
302 2709 381 2727 unus
405 2709 446 2727 ex
474 2696 622 2737 Angelis
638 2716 648 2734 ,
669 2697 731 2728 sed
756 2708 775 2727 α
801 2693 901 2727 Putre
926 2694 1108 2736 procedit,
1136 2695 1244 2734 igitur
1270 2696 1310 2723 (ff

213 2746 288 2784 ipse
310 2741 418 2773 Fili-us
444 2750 518 2779 est,
545 2746 584 2772 Θ
603 2743 666 2773 duo
694 2741 943 2782 suntfrutres,
971 2743 1124 2771 nimirum
1150 2739 1212 2770 ille
1238 2741 1310 2779 ipse

214 2788 369 2830 Spiritus
387 2808 396 2826 ‚
423 2791 463 2819 ΦΓ
488 2786 627 2819 Verbum
643 2809 651 2817 .
691 2787 790 2830 Quod
816 2790 846 2818 si
873 2786 993 2828 frater
1017 2793 1095 2823 est,
1121 2787 1250 2827 quinum
1275 2796 1312 2814 u-

213 2838 388 2877 nigenitus
414 2841 466 2865 est
486 2832 652 2870 Verbum,-
676 2841 732 2865 uut
754 2833 913 2876 quomodo
940 2844 1003 2863 non
1027 2838 1123 2863 erunt
1148 2832 1310 2873 ιιμιαῖεες

214 2893 309 2911 curve
328 2882 424 2912 ulter
447 2887 524 2920 post
550 2878 678 2910 Putrem
703 2883 838 2922 genitus
863 2886 941 2917 est,
969 2881 1037 2909 iste
1064 2889 1137 2909 vero
1163 2884 1239 2918 post
1253 2874 1313 2908 Fi-

217 2928 295 2957 lium
322 2930 533 2957 nominatur?
559 2925 732 2969 Quomodo
756 2928 858 2957 etium
885 2927 914 2955 si
941 2936 982 2955 ex
1009 2922 1109 2955 Patre
1135 2930 1212 2961 est,
1249 2935 1312 2954 non

212 2974 257 3002 (J
285 2975 354 3009 ipso
382 2975 516 3013 genitus
535 2983 619 3002 esse
646 2973 801 3010 (ficitur,
826 2982 886 3001 nec
906 2968 1018 3001 Filius
1044 2977 1119 3008 est,
1146 2970 1207 3000 secl
1233 2973 1314 3001 sim-

216 3018 355 3057 pliciter
382 3018 535 3059 Spiritus
562 3025 725 3049 sauctus?
765 3016 841 3048 Jam
882 3020 911 3047 si
938 3023 990 3047 est
1015 3013 1102 3047 Filii
1131 3014 1283 3056 Spiritus
1301 3035 1313 3054 ‚

218 3074 296 3109 usius
324 3075 401 3104 ergo
431 3063 530 3095 Pater
554 3067 621 3095 erit
648 3063 801 3106 Spiritus
830 3064 939 3093 «suncti
957 3083 964 3090 -

268 3107 335 3138 {Nec
372 3109 484 3140 minus
519 3118 677 3152 proterve
715 3107 922 3152 provocabat
949 3107 982 3137 S.
1009 3106 1241 3148 August'innm
1269 3107 1316 3138 Α·

217 3153 336 3185 riam-25
363 3153 573 3186 Maximinus
600 3156 633 3186 in
662 3155 738 3187 Lib.
771 3155 811 3186 ll.
839 3161 961 3184 contra
994 3150 1141 3183 eundem
1166 3152 1314 3183 B‘Iaxim.

225 3210 296 3241 cap«
318 3196 395 3237 141,
424 3198 600 3239 inquiens:
630 3201 709 3232 Cum
735 3205 822 3232 euim
850 3202 889 3230 (J
910 3200 1076 3239 Spiritum
1103 3206 1252 3230 sanctum
1270 3199 1313 3230 de

223 3245 411 3275 substantia
435 3242 545 3274 limi:-
570 3257 645 3276 essse
670 3248 799 3277 dicatis
818 3266 828 3284 ‚
863 3248 892 3276 si
919 3243 1031 3276 Filius
1060 3256 1101 3276 ex
1127 3245 1316 3276 substantia

220 3289 290 3323 Dei
318 3288 435 3322 Patris
459 3297 534 3329 est,
558 3291 600 3322 de
628 3292 814 3324 substantia
841 3290 955 3323 Putris
982 3292 1022 3322 <ff
1049 3290 1204 3332 Spiritus
1237 3302 1315 3322 son-

260 930 294 958 te
323 934 428 957 mens
458 920 542 957 inde
570 916 919 970 comprehenderit,
949 915 1091 966 linguae
1121 911 1304 951 difficilli-
1329 943 1331 945 .

988 60 1390 140 nissriirA‘Tio
1422 95 1479 138 Π.
1525 91 1652 138 cap,
1674 92 1751 135 111.

1366 204 1398 224 „
1428 174 1593 212 nimium
1613 173 1662 209 sis
1695 169 1868 220 sapiens,
1896 181 1945 206 ne
1971 167 2235 222 obstupescas.
2265 169 2363 208 Nam
2385 175 2475 223 quae

1369 257 1402 276 „
1431 227 1506 264 fide
1536 225 1669 263 tradita
1695 230 1805 269 sunt,
1843 220 1927 258 haec
1955 235 2029 260 non
2065 223 2232 261 humana
2259 225 2476 276 sapientia,

1373 309 1399 328 „
1429 281 1490 317 sed
1520 278 1650 316 auditu
1678 275 1770 312 fidei
1812 274 2057 325 percipienda
2085 285 2194 314 sunt.
2216 279 2242 297 ‘⁶
2276 277 2476 328 Sapienter

1373 334 1514 383 igitur,
1544 331 1577 367 8<
1607 327 1897 380 prudentissime
1926 328 2044 364 sancti
2073 328 2196 366 Patres
2224 330 2270 367 de
2299 329 2356 368 his
2383 330 2475 367 sub-

1372 385 1505 423 tilibus
1534 381 1810 435 quaestiouibus
1838 379 2028 430 disputare
2065 380 2246 420 nolebant
2274 397 2363 421 cum
2396 382 2478 420 liae-

1372 438 1520 483 reticis,
1563 450 1609 473 ne
1645 433 1734 470 inde
1776 445 1906 469 ansam
1947 431 2160 470 declinandi
2187 449 2210 471 a
2232 436 2477 486 dogmatibus

1372 490 1461 528 fidei
1490 490 1725 539 arriperent.
1772 486 1948 523 Ceterum
1985 498 2056 522 non
2085 486 2136 523 ita
2165 487 2213 524 ab
2254 485 2478 538 hujusmodi

1372 543 1578 594 quaestione
1598 538 1878 585 abhorrebant,
1908 547 1945 574 ut
1974 539 2079 576 nefas
2093 541 2248 577 omnino
2277 548 2476 591 putarent,

1372 595 1541 645 aliquas,
1571 595 1629 631 sin
1648 594 1773 629 minus
1796 591 2046 642 undequaque
2065 601 2184 630 certas
2200 622 2210 638 ‚
2238 592 2370 631 saltem
2392 605 2478 643 pro·

1370 647 1518 685 habiles
1547 645 1658 697 husus
1687 643 1921 682 discriminis
1957 646 2116 682 rationes
2157 645 2310 684 afferri:
2353 646 2478 696 reipsa

1365 700 1474 737 -enim
1505 712 1578 737 non
1608 712 1723 736 unam
1742 727 1753 744 ,
1783 697 1846 734 sed
1867 696 1993 748 plures
2014 698 2087 749 ipsi
2116 697 2320 737 attulerunt
2341 729 2352 747 ,
2382 711 2477 750 qua-

1372 766 1459 790 rum
1491 753 1704 804 praecipuas
1733 750 1867 790 leviter
1895 748 2027 787 saltem
2055 750 2125 788 snb
2152 751 2281 790 oculos
2309 764 2477 804 ponere,

1374 818 1448 843 non
1477 807 1546 843 erit
1575 803 1738 842 inutile.

1428 857 1494 909 87.
1525 859 1580 895 Ac
1623 858 1748 909 primo
1777 856 1818 895 S.
1848 854 2010 893 Basilius
2053 857 2093 894 in
2122 855 2240 896 Libro
2266 857 2318 896 V.
2348 865 2478 896 contra

1374 911 1608 949 Eunominm
1637 910 1828 947 Haeretico
1856 909 2088 957 sciscitanti,
2118 924 2186 947 cur
2205 910 2368 962 Spiritus
2393 923 2479 948 san-

1371 974 1452 1002 ctus
1481 978 1551 1002 non
1572 965 1616 1001 sit
1645 963 1748 1000 filius
1768 963 1889 1011 Filii,
1919 963 1971 1000 ita
2000 964 2217 1015 respondet3
2234 993 2259 1012 „
2280 963 2366 1002 Non
2386 964 2480 1015 quia

1369 1047 1398 1066 „
1423 1018 1503 1054 'non
1533 1026 1585 1054 est
1614 1030 1657 1056 ex
1689 1016 1769 1053 Deo
1799 1029 1864 1067 per
1892 1014 2041 1063 filium,
2069 1017 2132 1054 sed
2163 1025 2203 1054 ut
2231 1030 2280 1054 ne
2310 1016 2479 1054 Trinitas

1371 1099 1398 1118 „
1429 1070 1578 1108 infinita
1606 1069 1807 1107 multitudo
1837 1076 2006 1120 putetur,
2050 1083 2094 1106 ac
2121 1069 2243 1107 Filios
2281 1083 2325 1107 ex
2355 1068 2479 1118 filiis,

1367 1153 1398 1171 ,‚
1430 1132 1469 1161 ut
1499 1124 1535 1160 in
1555 1122 1783 1160 hominibus
1805 1123 2006 1168 usuvenit,
2038 1135 2120 1158 eam
2143 1122 2282 1160 habere
2311 1123 2479 1174 suspice-

1367 1205 1398 1224 „
1428 1185 1488 1213 tur
1516 1175 1655 1227 aliquis
1676 1201 1687 1212 0
1708 1178 1733 1197 ‘⁶
1774 1173 1878 1211 Tum
1914 1183 2039 1225 postea
2069 1175 2251 1213 rationem
2290 1177 2444 1213 reddens
2465 1206 2478 1224 ,

1370 1241 1439 1266 cnr
1459 1229 1655 1279 Scriptura
1675 1228 1863 1278 Spiritum
1892 1236 2061 1264 sanctum
2082 1240 2155 1264 non
2186 1237 2290 1266 vocet
2305 1228 2477 1276 Filium,

1371 1282 1522 1332 inquit,
1544 1310 1570 1328 „
1591 1281 1681 1332 quia
1698 1309 1708 1326 ,
1737 1281 1768 1315 si
1797 1280 1848 1315 ita
1877 1281 2114 1326 nominaret,
2145 1280 2369 1318 Trinitatem
2397 1282 2478 1319 dei-

1375 1363 1402 1381 „
1432 1335 1515 1370 tatis
1544 1334 1582 1369 in
1612 1332 1823 1383 suspicione
1853 1329 2110 1368 multitudinis
2153 1333 2256 1382 apud
2283 1334 2479 1372 audientes

1370 1414 1397 1433 „
1428 1385 1600 1422 homines
1628 1383 1868 1422 adduxisset.
1899 1382 2031 1421 Facile
2054 1384 2160 1421 -enim
2189 1393 2279 1421 esset
2305 1387 2480 1437 opinari,

1370 1467 1395 1486 ,‚
1428 1440 1457 1475 si
1474 1437 1600 1475 Filius
1629 1436 1768 1475 eFilio
1796 1446 1903 1475 natus
1932 1438 2007 1484 sit,
2037 1437 2150 1473 etiam
2180 1437 2229 1475 ab
2258 1439 2326 1475 isto
2355 1437 2478 1476 alium

1371 1519 1397 1538 ,‚
1428 1506 1505 1529 esse
1532 1493 1702 1543 genitum
1721 1520 1730 1538 ,
1761 1489 1794 1525 8<
1822 1489 1871 1527 ab
1902 1488 1971 1527 hoc
2001 1502 2128 1527 rursus
2157 1489 2342 1539 alterum,
2372 1491 2406 1527 8t
2426 1492 2478 1528 ita.

1372 1573 1399 1600 ἓ,
1428 1544 1558 1595 plures
1587 1545 1765 1595 deinceps
1794 1557 1870 1581 esse
1897 1543 2036 1593 genitos
2053 1568 2064 1579 .
2081 1545 2107 1564 “
2129 1541 2256 1581 Aliam
2277 1545 2390 1583 etiam
2405 1542 2477 1581 hu-

1367 1610 1430 1647 ]us
1458 1598 1687 1636 discriminis
1717 1598 1899 1635 rationein
1929 1595 2025 1633 alibi
2054 1595 2288 1635 insinuavit.

1424 1649 1490 1688 88.
1520 1650 1696 1688 Secundo
1736 1651 1777 1688 S.
1807 1649 2063 1700 Augustinus,
2108 1650 2177 1700 qui
2220 1649 2357 1700 majori
2395 1664 2478 1688 em-

1371 1702 1481 1754 phasi
1511 1704 1718 1742 Haereticos
1747 1702 2070 1754 reprehendebat,
2114 1703 2216 1754 quod
2245 1703 2417 1756 aliquam
2445 1704 2478 1741 i-

1371 1755 1563 1792 neffabilis
1592 1756 1707 1806 hujus
1735 1756 1968 1793 discriminis
1997 1757 2178 1793 rationein
2206 1765 2478 1806 exposcerent,

1370 1808 1412 1844 in
1434 1807 1613 1844 Tractatu
1634 1821 1700 1860 99.
1731 1809 1768 1844 in
1798 1807 1981 1843 Joannem
2010 1821 2048 1844 n.
2071 1820 2109 1858 9.
2140 1805 2252 1844 Tom.
2275 1808 2341 1845 HI.
2372 1808 2412 1846 Ρ.
2429 1810 2478 1846 Π.

1372 1857 1457 1895 haec
1488 1858 1621 1897 habet:
1655 1890 1681 1908 „
1704 1860 1776 1896 Hic
1814 1867 2021 1910 utcumque
2062 1860 2177 1896 etiam
2220 1859 2444 1911 intelligitur
2465 1890 2477 1907 ‚

1371 1939 1397 1959 „
1427 1921 1611 1962 quantum
1640 1927 1661 1950 a
1690 1911 1827 1950 talibus
1845 1941 1855 1958 ,
1885 1911 2015 1963 quales
2035 1925 2097 1950 nos
2125 1925 2284 1961 sumus,
2314 1913 2478 1964 intelligi

1368 1992 1398 2010 „
1429 1973 1570 2014 potest,
1599 1979 1667 2003 cur
1695 1978 1769 2003 non
1797 1965 1945 2002 dicatur
1974 1974 2081 2003 natus
2108 1979 2213 2013 esse,
2260 1967 2322 2003 sed
2353 1968 2479 2017 potius

1369 2045 1395 2063 „
1426 2018 1629 2065 procedere
1658 2018 1819 2069 Spiritus
1848 2026 2023 2057 sanctus.
2050 2018 2243 2065 Quoniam
2272 2020 2305 2057 si
2333 2018 2367 2055 &
2393 2021 2478 2071 ipse

1367 2097 1396 2115 ³,
1426 2068 1550 2108 Filius
1578 2071 1765 2109 diceretur
1786 2100 1796 2118 ,
1834 2070 2035 2109 amborum
2064 2073 2194 2123 utique
2224 2072 2348 2110 Filius
2375 2073 2478 2111 dice-

1370 2148 1396 2167 „
1426 2130 1549 2168 retur3
1592 2124 1693 2175 qnod
1723 2123 2037 2160 absurdissimum
2067 2133 2140 2163 est:
2184 2124 2307 2162 Filius
2334 2127 2480 2177 quippe

1374 2202 1399 2221 „
1429 2174 1558 2213 nullus
1588 2185 1639 2213 est
1659 2177 1821 2214 duorum
1839 2204 1849 2221 ,
1873 2176 1948 2212 nisi
1974 2177 2092 2226 patris
2111 2205 2120 2223 ,
2151 2176 2184 2211 8t
2216 2179 2369 2215 matris.
2399 2179 2478 2216 Ab·

1372 2254 1398 2274 „
1428 2228 1473 2264 sit
1500 2237 1652 2275 autem,
1696 2237 1736 2265 ut
1780 2229 1880 2265 inter
1907 2227 2035 2265 Deum
2063 2227 2239 2276 Patrem,
2287 2229 2320 2265 8<
2350 2229 2480 2269 Deum

1371 2308 1397 2327 ,‚
1427 2279 1575 2318 Filium
1597 2280 1669 2318 tale
1684 2279 1833 2332 aliquid
1852 2279 2108 2331 suspicemur.
2126 2284 2151 2303 “
2173 2281 2300 2328 Quam
2317 2282 2357 2321 S.
2379 2283 2480 2335 Aug.

1371 2334 1556 2372 rationem
1588 2333 1762 2375 nonnulli
1792 2332 1942 2380 Patres,
1972 2333 2005 2369 8(
2023 2334 2206 2385 Theologi
2234 2336 2478 2387 adoptarunt.

1425 2385 1491 2438 89.
1521 2385 1651 2427 Aliam
1679 2389 1832 2439 insuper
1861 2387 1962 2426 idem
1977 2387 2017 2426 S.
2038 2386 2144 2428 Pater
2175 2390 2398 2441 excogitavit
2418 2403 2480 2427 ra-

2354 2451 2425 2480 110-

1377 2560 1480 2593 ctus,
1521 2565 1579 2587 cur
1603 2566 1685 2586 unus
1710 2550 1824 2586 Filius
1850 2559 1928 2592 est,
1962 2554 2002 2585 Θ
2027 2554 2117 2586 alius
2153 2565 2217 2585 riou
2252 2559 2306 2585 est
2330 2548 2444 2586 Filius
2463 2564 2479 2587 ,ἒ

1378 2600 1422 2631 Et
1450 2600 1612 2632 similiter
1638 2599 1727 2645 apud
1751 2599 1944 2643 Didymnm
1971 2598 2007 2630 in
2033 2600 2143 2643 Opere
2169 2600 2212 2631 cle
2239 2599 2375 2641 Spiritu
2401 2612 2480 2631 sau-

1379 2653 1434 2677 cto
1469 2646 1517 2678 ita
1560 2646 1812 2689 argutabantur
1839 2645 2165 2678 pneumatomachi:
2206 2645 2362 2688 Spiritus
2403 2657 2483 2678 san-

1380 2699 1454 2723 ctus
1482 2700 1615 2725 creatus
1642 2705 1707 2724 non
1729 2700 1807 2732 est,
1848 2699 1905 2724 aut
1926 2691 2047 2733 frater
2072 2699 2125 2724 est
2150 2690 2218 2722 Dei
2246 2690 2387 2730 Patris,
2424 2697 2482 2723 au't

1378 2745 1515 2779 patruus
1540 2747 1593 2771 est
1619 2743 1789 2782 unigeniti
1816 2737 1899 2770 Jesu
1926 2737 2089 2776 Christi,
2116 2744 2173 2770 aut
2199 2736 2316 2769 Filius
2342 2737 2480 2768 ‘Ch-risu·

1381 2791 1458 2822 est,
1494 2793 1550 2816 aut
1576 2797 1679 2828 nepos
1706 2784 1775 2817 Dei
1802 2783 1939 2822 Patris,
1982 2792 2038 2816 aut
2064 2788 2138 2826 ipse
2163 2782 2277 2815 'Filius
2302 2782 2373 2813 Dei
2398 2788 2481 2821 est,

1379 2834 1420 2859 U
1446 2830 1517 2874 jam
1551 2843 1614 2863 non
1639 2835 1707 2863 erit
1742 2834 1936 2873 unigenitus
1965 2829 2130 2861 Dominus
2165 2828 2267 2860 Jesus
2293 2827 2480 2866 Chri-scas,

1380 2884 1449 2906 cum
1468 2877 1924 2919 alterumfratrem[albeat.
1952 2875 2037 2913 His,
2062 2874 2207 2915 aliisque
2232 2871 2405 2904 similibus
2431 2881 2482 2904 te-

1380 2922 1537 2953 merariis
1579 2924 1829 2955 Haereticorum
1871 2917 2199 2961 interrogationibus
2236 2916 2339 2949 unica
2373 2926 2480 2957 erat„

1380 2965 1488 2998 solida
1505 2988 1514 3005 ‚
1552 2971 1582 2999 ὃ(
1608 2966 1718 3001 facilis
1753 2967 1931 3010 responsio
1950 2986 1961 3003 ‚
1997 2975 2064 3006 qua
2090 2974 2150 2994 nos
2184 2962 2289 2994 etiam
2315 2970 2479 3002 utemur,

1382 3012 1408 3043 si
1437 3023 1514 3043 cum
1542 3014 1724 3046 Haereticis
1759 3009 2007 3055 disputandum
2038 3007 2139 3040 modo
2173 3016 2286 3047 esset,
2322 3019 2481 3040 resecan-

1383 3056 1462 3089 dam
1488 3069 1558 3090 esse
1583 3071 1719 3091 omnem
1746 3057 2009 3093 curiositatem,
2050 3056 2081 3085 &
2107 3055 2295 3097 Scripturis
2337 3053 2481 3086 creden-

1383 3101 1490 3141 dum,
1532 3115 1606 3147 quae
1645 3103 1918 3136 hrculentissime
1944 3098 2112 3139 tradunt,
2151 3108 2218 3132 tres
2245 3111 2317 3132 esse
2342 3097 2478 3132 divinas

1384 3149 1574 3188 Persona33
1618 3162 1766 3193 quarum
1792 3160 1860 3180 una
1891 3145 2018 3178 dicitur
2046 3146 2169 3186 Pater,
2207 3146 2316 3178 altera
2344 3143 2480 3183 Filius,

1384 3195 1493 3227 altera
1519 3195 1667 3238 Spiritus
1695 3197 1870 3232 Sanctus;
1908 3192 2057 3235 primam
2081 3203 2153 3224 esse
2180 3191 2394 3235 ingenitam,
2430 3189 2481 3221 al-

1384 3249 1494 3274 teram
1510 3241 1655 3284 aprima
1674 3250 1814 3280 nata-m,
1841 3239 1981 3272 tertiani
1996 3238 2037 3271 ab
2057 3247 2202 3283 utraque
2212 3235 2478 3283 procedentem-
