2577 3633
613 131 694 176 DE
727 128 1020 175 NICAENAE
1054 126 1285 171 SYNODI
1324 121 1848 170 CONVOCATIONE.

64 213 149 254 m'ni
178 214 290 253 modo
317 211 470 252 concilii
501 210 798 250 celebrationem
829 210 1017 263 promovit
1034 238 1044 257 ,
1073 207 1175 260 quod

63 268 207 321 absque
235 268 339 318 regio
367 273 522 318 sumptu
551 266 615 307 vix
633 296 644 315 ,
687 280 732 305 ac
762 279 807 304 ne
835 265 900 303 vix
928 263 1085 316 quidem
1113 274 1175 299 ce-

61 320 205 360 lebrari
235 321 440 372 potuisset.
703 326 706 329 “

115 375 156 413 8.
186 373 299 420 Quod
328 386 418 411 vero
447 373 589 411 laudati
619 373 817 425 scriptores
859 370 975 409 solius
1003 369 1174 422 Impera-

65 429 157 466 toris
185 428 416 465 Constantini
435 425 694 475 ,nullatenus
723 439 812 464 vero
841 424 1003 478 Romani
1023 421 1176 460 Pontifi-

64 480 121 518 cis
141 481 420 529 meminerint,
459 494 533 517 non
563 479 722 531 probat,
765 479 910 531 absque
939 476 1053 528 hujus
1080 484 1177 514 nutu

62 533 182 571 fuisse
209 532 428 572 Concilium
459 542 737 571 convocatum.
779 531 1012 584 Exemplum
1051 528 1177 567 simile

63 584 254 623 habemus
285 588 323 623 in
353 586 506 637 Synodo
535 586 751 624 Surdicensi
770 616 780 633 ,
828 600 916 637 quae
955 583 1176 637 profitetur,

59 652 104 677 se
133 653 160 676 a
203 639 509 691 religiosissimis
539 638 783 689 Principibus
826 644 841 690 (
870 641 1095 684 Constante,
1144 635 1178 671 &

59 693 278 730 Constantio
307 693 321 741 )
362 702 624 730 convocatam
667 699 684 744 (
714 694 751 730 in
781 691 930 744 epistol.
960 691 1105 742 Synod.
1135 688 1178 737 );

62 744 98 780 &
128 755 254 782 tamen
287 759 331 782 ex
361 745 547 784 historicis
592 748 847 785 monumentis
883 754 1018 783 constat
1038 774 1047 792 ,
1091 757 1175 780 eam

58 797 179 836 fuisse
209 813 229 834 a
258 799 363 836 Jul'ro
396 799 562 836 Romano
592 799 771 837 Pontifice
815 799 996 837 indictam
1015 824 1024 835 .
1073 797 1178 834 Scri·

59 855 137 904 psit
166 850 313 901 Julius,
345 855 469 905 inquit
499 854 628 891 Sanct.
658 852 884 890 Athanasius
914 854 953 889 in
984 851 1091 902 epist.
1123 849 1178 887 ml

59 903 296 955 Solitarios,
327 916 509 957 oportere·
521 906 621 958 fieri
650 905 859 958 Synotlum
878 932 888 942 .
933 903 1107 942 Alterum
1139 918 1177 940 e-

56 959 260 1009 xemplum
304 961 418 997 etiam
456 956 693 997 luculentius
727 958 899 995 'habetur
941 958 981 994 in
1021 956 1177 1007 Synodo

59 1009 166 1049 VIII.
211 1015 450 1051 oectnnenica
492 1018 507 1064 (
538 1025 634 1049 anno
663 1011 755 1062 869.
785 1011 801 1058 )
849 1010 1176 1060 Constantinopoli

55 1064 250 1104 celebrata
267 1092 277 1104 .
309 1068 350 1103 In
382 1080 424 1102 ea
451 1067 554 1101 enim
572 1064 719 1101 Vicarii
736 1063 991 1101 Orientalium
1014 1063 1173 1101 Sedinm

55 1118 257 1155 dixerunt:
286 1118 426 1165 Scitis,
457 1117 560 1169 quoti
587 1121 627 1154 in
647 1121 858 1166 praeteritis
879 1115 1115 1165 temporibus
1135 1130 1173 1154 e-

53 1180 152 1209 rant
180 1170 478 1222 Imperatores,
508 1175 574 1219 qui
602 1169 903 1223 congregabant
924 1170 1110 1222 Synodos

54 1237 222 1274 quorum
266 1237 378 1262 more
419 1225 469 1264 ἔθ’
498 1223 576 1262 Dei
620 1225 744 1261 cultor
774 1224 998 1272 Imperator
1040 1234 1174 1263 noster

54 1280 72 1327 (
108 1276 268 1315 Basilius
298 1277 314 1325 )
358 1279 623 1315 universalem
667 1277 772 1314 lianc
803 1277 1013 1328 Synotlum
1037 1276 1172 1328 fecit.

55 1332 107 1369 At
137 1343 227 1366 vero
256 1339 359 1368 certo
386 1333 526 1368 certius
555 1340 632 1378 est,
664 1345 748 1368 eam
778 1332 927 1368 nonnisi
949 1331 1107 1381 jubente
1124 1334 1174 1370 A·

55 1383 193 1420 driano
222 1383 270 1421 II.
301 1383 471 1421 Romano
499 1383 638 1423 Pontis.
670 1385 784 1422 fuisse
813 1393 982 1421 coactam
1001 1410 1010 1421 .
1046 1384 1175 1423 Habe-

57 1443 122 1472 tur
138 1438 176 1473 in
191 1436 350 1474 Collect.
367 1437 625 1476 conciliorum
644 1441 657 1488 (
681 1437 792 1475 Tom.
810 1437 915 1475 VIII.
946 1452 1032 1489 pag.
1048 1437 1141 1489 982.
1158 1439 1174 1488 )

55 1488 260 1540 exemplar
289 1491 459 1541 epistolae
490 1492 608 1543 ipsius
639 1492 796 1536 Adriani
827 1492 873 1528 ad
896 1490 1078 1528 Basiliam
1101 1492 1176 1529 Ini-

55 1552 180 1593 perat.
199 1572 210 1589 ,
253 1556 343 1596 quae
375 1546 490 1582 etiam
526 1543 624 1582 lecta
654 1545 726 1581 fuit
756 1545 914 1582 Actione
945 1545 974 1581 I.
1005 1543 1174 1595 ejusdem

57 1594 234 1647 Synodi,
284 1599 323 1634 in
354 1612 431 1649 qua
460 1599 513 1635 sic
542 1596 714 1635 Pontifex
746 1611 814 1649 pro
857 1607 919 1635 sua
959 1599 1177 1636 auctoritate

56 1646 255 1700 quuitur:
288 1648 478 1688 Volumus
507 1664 602 1702 ergo
630 1658 700 1700 per
728 1660 899 1688 vestram
929 1655 1088 1701 pietatis
1117 1655 1177 1688 in—

60 1700 260 1738 dustriam
291 1703 369 1740 illic
399 1704 760 1756 (Constantinopoli
792 1705 806 1753 )
836 1717 1093 1742 numerosum
1114 1718 1177 1744 ce·

60 1754 210 1792 lebrarz'
239 1758 451 1794 concilium
470 1784 480 1794 .
528 1757 575 1794 Et
606 1758 736 1808 Legati
778 1757 975 1808 apostolici
1006 1758 1176 1808 ejusdem

55 1807 222 1845 Concilii
253 1811 433 1860 praesides
463 1811 633 1848 Donatus
662 1811 869 1857 Ostiensis,
898 1809 1177 1861 &.Steplianus

55 1859 276 1912 Nepesinus‘
301 1863 483 1915 Episcopi
515 1865 566 1900 ita
595 1865 739 1915 pariter
769 1862 1002 1915 loquuntur:
1042 1862 1178 1900 Piississ

55 1926 148 1952 mus
165 1944 174 1962 2
205 1915 255 1954 <9-
279 1914 640 1954 Christianis-simus
660 1916 885 1967 Imperator
912 1916 1176 1966 praedecesso-

56 1979 150 2004 ·rum
178 1981 340 2006 suorum
372 1981 528 2008 secutus
548 1971 738 2020 exempla
756 2000 766 2018 ,
797 1974 1021 2007 transmisit
1042 1969 1176 2021 Lega-

59 2029 120 2058 ios
149 2035 240 2059 suos
267 2022 532 2061 nobilissimos
561 2029 660 2061 viros
681 2023 880 2072 Romam,
910 2032 948 2060 ut
966 2023 1177 2075 Synotlum

55 2075 332 2126 postularent.
363 2078 448 2115 Non
479 2076 649 2115 absimili
682 2079 808 2130 itaque
838 2077 950 2115 modo
970 2078 1061 2114 dum
1077 2079 1177 2114 Con-

55 2130 243 2167 stantinus
264 2129 465 2182 Synodum
482 2132 680 2169 *Nicaeuam
712 2131 877 2180 coegisse
903 2131 1070 2177 dieitur,
1101 2144 1175 2168 non

57 2189 111 2217 est
142 2182 405 2230 credendum,
453 2184 492 2220 id
530 2184 675 2234 absque
704 2183 816 2219 Rom.
845 2182 1040 2220 Pontificis
1082 2191 1174 2220 nutu

55 2233 174 2270 fuisse
204 2235 345 2271 factum
364 2260 375 2271 .
414 2242 417 2248 “
842 2263 845 2266 -

112 2299 151 2338 9.
181 2288 260 2325 Cur
289 2297 417 2339 autem
454 2296 598 2325 veteres
627 2287 838 2341 Scriptores
880 2286 1030 2325 nullam
1061 2287 1174 2327 Rom.

55 2338 256 2378 Pontificis
287 2341 444 2378 fecerint
476 2343 705 2378 mentionem
723 2371 733 2389 ,
764 2351 931 2379 nostruin
955 2354 1026 2378 non
1047 2351 1097 2378 est
1117 2343 1175 2380 di-

54 2394 212 2432 vinare:
257 2395 410 2431 fortasse
439 2396 539 2445 quod
568 2395 748 2432 omnibus
778 2394 858 2445 jam
895 2404 1023 2432 notum
1055 2404 1173 2444 esset,

55 2448 209 2484 nonnisi
242 2447 352 2484 Rom.
374 2447 566 2486 Pontificis
595 2450 814 2486 auctoritate
845 2461 950 2500 posse
979 2449 1173 2500 generales

53 2498 228 2550 Synodos
269 2501 486 2546 celebrari3
536 2509 574 2539 ut
616 2503 719 2539 enim
762 2501 889 2552 ajebat
919 2501 1093 2553 Pelagius
1122 2503 1170 2541 II.

54 2554 73 2601 (
105 2549 214 2603 epist.
233 2553 338 2592 VIII.
354 2555 399 2591 ad
417 2553 625 2607 Episcopos
641 2555 787 2607 Synodi
803 2555 1121 2607 Constantinopol.
1138 2556 1170 2604 ),

51 2604 306 2657 generalium
330 2607 588 2660 Synociorum
619 2608 968 2645 convocandarum
999 2613 1172 2646 auctori-

54 2669 122 2696 tas
151 2661 382 2710 apostolicae
411 2661 502 2698 Sesli
532 2661 578 2700 Β.
609 2661 714 2699 Petri
743 2662 938 2714 singulari
975 2663 1172 2714 privilegio

53 2712 209 2750 tradita
239 2723 323 2759 est;
355 2715 388 2751 &
417 2714 595 2752 omnibus
626 2715 766 2766 pariter
788 2725 1032 2766 notum-erat,
1062 2726 1171 2767 quot-

53 2775 148 2818 quot
181 2781 298 2820 usque
328 2769 373 2806 ad
406 2783 448 2805 ea
477 2778 649 2819 tempora
677 2768 869 2806 celebrata
898 2769 1047 2806 fuerant
1074 2771 1171 2808 Con-

54 2821 171 2868 cilia,
201 2823 332 2859 omnia
363 2822 630 2860 Ecclesiastica
659 2822 937 2874 Episcoporuin
968 2825 1170 2861 anctorita-

57 2880 94 2908 te
123 2874 238 2912 fuisse
267 2875 457 2914 celebrata
475 2902 485 2913 .
515 2876 851 2927 Supervacaneum
884 2877 996 2927 igitur
1017 2877 1170 2914 fortasse

57 2926 314 2966 existimatum
345 2939 423 2978 est,
464 2928 546 2979 ejus
577 2931 630 2966 rei
659 2931 893 2968 mentionem
923 2930 1036 2978 fieri,
1080 2944 1168 2982 quae

59 2979 240 3017 omnibus
267 2984 570 3034 compertissima
600 2997 678 3020 esse
706 2983 898 3021 debebat.
928 2983 1011 3021 Non
1040 2993 1169 3021 autem
1215 3021 1219 3022 ⁷

61 3031 238 3069 omnibus
268 3045 398 3073 uotum
414 3046 493 3074 erat
510 3064 520 3083 ‚
549 3051 626 3089 qua
643 3039 780 3089 pietate
798 3066 808 3084 ,
838 3037 871 3073 8(
887 3036 1060 3075 libertate
1074 3039 1170 3074 Con-

59 3085 242 3122 stantinus
272 3087 462 3138 Augustus
489 3090 635 3142 Synodi
665 3089 960 3129 celebrationem
992 3105 1171 3142 procura-

58 3139 183 3181 verit;
213 3139 312 3176 unde
339 3154 490 3180 necesse
518 3146 617 3192 fuit,
660 3153 741 3182 tum
774 3145 1052 3194 praesentibus,
1089 3153 1170 3181 tum

59 3192 174 3228 etiarn
205 3194 362 3242 posteris
393 3195 428 3232 id
459 3209 635 3246 expresse
661 3198 906 3249 significare.
937 3205 940 3207 '

122 3258 180 3282 10.
210 3246 387 3283 Ceterum
406 3276 416 3293 ,
447 3250 504 3285 sin
535 3253 662 3289 minus
692 3261 845 3302 aperte,
875 3251 1008 3303 aliqua
1038 3249 1168 3288 saltem

59 3299 210 3336 ratione
238 3314 260 3336 a
290 3299 483 3337 nonnullis
504 3303 710 3342 iudicatum
735 3306 832 3352 fuit,
861 3305 1169 3350 Constantinum,

60 3363 137 3391 nou
165 3366 259 3403 sua,
303 3352 366 3393 sed
394 3352 580 3396 Ecclesiae
608 3358 828 3399 auctoritate
856 3357 1074 3399 Concilium
1110 3358 1171 3395 in-

2220 126 2298 166 125

1241 206 1407 244 dixisse.
1452 204 1623 243 Huffinus
1653 203 1757 239 enim
1786 216 1901 256 supra
1939 209 2169 242 memoratus
2197 215 2350 240 numer.

1245 259 1281 298 5.
1313 261 1436 312 inquit
1466 260 1512 297 de
1539 257 1809 296 Constantino:
1857 266 1940 293 zum
1971 256 2033 294 ille
2075 269 2128 294 ex
2157 254 2353 293 Sacerdo-

1242 321 1325 349 tum
1353 317 1554 351 sententia
1583 308 1690 361 ‹tpud
1733 309 1867 347 urbem
1898 308 2089 346 Mcaeam
2131 309 2354 360 episcopale

1245 365 1463 402 Concilium
1492 372 1685 404 convocat
1702 389 1712 400 .
1740 364 1915 415 Cumque
1945 364 2122 400 omnibus
2141 364 2354 402 Sacerdoti*-

1242 418 1313 456 bus
1331 418 1438 471 longe
1454 420 1746 471 superemineret
1767 416 1923 455 Roman.
1946 416 2115 454 Pontifex
2134 447 2144 464 ,
2174 418 2258 469 quis
2278 429 2354 454 non

1243 471 1460 522 intelligat,
1489 473 1603 524 liujus
1631 472 1852 508 senteutiam
1883 472 2010 523 primo
2038 471 2241 521 expetitam
2259 500 2269 518 ,
2299 480 2353 508 at-

1244 538 1320 580 que
1348 526 1514 563 auditam
1546 523 1690 564 fuisse?
1719 524 1897 562 Gelasius
1916 526 2028 561 etiam
2049 523 2242 561 Cizicenus
2264 524 2353 564 Lib.

1245 579 1294 616 ll.
1325 592 1410 629 cap.
1446 592 1504 616 12.
1536 581 1682 631 inquit:
1714 577 1896 625 Sancta,
1926 578 1976 617 <9⁶
1997 590 2152 627 magna
2171 606 2181 624 ,
2211 577 2259 617 ζῇ*
2287 591 2355 629 ge-

1246 632 1396 668 neralis
1425 631 1608 683 anodus
1640 632 1882 669 Sanctorum
1900 631 2065 667 Parrum
2085 628 2240 667 Nicaeoe
2261 643 2354 667 con-

1244 694 1500 736 gregatorum
1528 699 1595 734 per
1625 685 1785 722 lie-itum
1804 687 1852 725 <9¹
1883 694 2069 722 sanctum
2091 683 2230 721 Osium
2261 696 2354 720 con-

1243 747 1414 791 gregata
1445 747 1528 775 est.
1560 740 1670 775 Osius
1700 749 1849 787 autem,
1880 748 1919 777 ut
1950 739 2051 776 infra
2081 737 2354 789 probabimus,

1245 801 1324 829 erat
1351 792 1481 838 Sancti
1511 790 1694 843 Sylvestri
1740 791 1898 830 Romani
1943 791 2138 829 Pontificis
2180 790 2354 842 legatus3

1245 853 1287 883 ut
1316 845 1472 897 proinde
1515 844 1722 882 inconsulto
1753 845 1862 884 Rom.
1892 844 2078 884 Pontifice
2112 845 2151 883 id
2188 845 2237 883 ab
2264 845 2361 884 Osio

1245 898 1330 936 fieri
1360 898 1572 936 nullatenus
1602 900 1761 949 potuerit
1779 926 1790 937 .

1305 966 1365 990 11.
1396 953 1508 990 Instat
1537 951 1644 989 Sam.
1667 951 1871 1004 Basngrgius
1889 979 1900 990 .
1931 952 2075 991 Ruffini
2107 953 2224 991 verba
2245 951 2354 990 intel-

1243 1004 1395 1057 ligenda
1425 1015 1507 1044 sunt
1537 1019 1613 1042 non
1644 1006 1689 1043 de
1719 1005 1890 1043 Romano
1910 1005 2118 1055 Pontifice,
2149 1007 2211 1044 sed
2241 1007 2286 1044 de
2315 1021 2354 1043 a·

1242 1060 1307 1097 liis
1336 1059 1564 1112 Episcopis‚
1607 1059 1675 1111 qui
1703 1060 1945 1096 Constantino
1974 1069 2266 1112 persuaserunt,
2315 1068 2356 1096 ut

1242 1113 1289 1149 ad
1319 1113 1588 1150 restituendam
1618 1111 1802 1150 Ecclesiae
1834 1127 1964 1164 pacem
1994 1127 2061 1164 per
2091 1115 2250 1152 Arianos
2279 1122 2357 1150 tur-

1241 1166 1370 1204 hatam
1399 1165 1589 1204 Generale
1617 1165 1834 1204 Concilium
1866 1176 2129 1216 congregaret.
2173 1168 2213 1204 ld
2244 1165 2356 1203 lucu-

1243 1218 1364 1256 lenter
1394 1220 1580 1258 indicavit
1609 1219 1650 1259 S.
1672 1219 1912 1272 Epiphanius
1932 1219 2019 1256 Lib.
2042 1220 2088 1257 II.
2119 1229 2258 1257 contra
2278 1219 2355 1255 72oe-

1243 1286 1350 1310 reses
1380 1288 1466 1325 cap.
1496 1273 1564 1312 68.
1595 1275 1799 1326 inquiens,
1829 1273 2117 1310 Constantinum
2150 1272 2355 1310 Alexandri

1243 1326 1479 1365 Sanctissimi
1498 1326 1748 1365 Alexandrini
1777 1326 1960 1379 Episcopi
1990 1326 2116 1364 studio
2145 1327 2194 1367 <9⁴
2224 1325 2356 1378 horca-

1244 1388 1297 1426 tu,
1314 1381 1508 1432 synodum
1537 1393 1761 1418 convocasse
1777 1407 1787 1417 .

1303 1446 1363 1471 12.
1395 1433 1508 1484 Resp.
1535 1435 1897 1486 quomodocumque
1914 1433 2031 1472 verba
2050 1432 2120 1471 illa
2140 1431 2357 1484 intelligan-

1243 1494 1332 1533 tur,
1380 1500 1528 1538 semper
1557 1488 1691 1539 sequi,
1733 1489 1883 1525 nonnisi
1925 1487 2180 1525 annuentibus
2223 1489 2358 1539 primis

1243 1539 1534 1588 Sacerdotibus,
1566 1541 1599 1576 ὅ(
1618 1543 1813 1592 praecipue
1832 1540 1940 1578 Rom.
1956 1539 2158 1587 Pontifice,
2179 1542 2357 1578 omnium

1248 1594 1423 1645 principe
1441 1625 1451 1641 ,
1482 1593 1515 1629 8(
1546 1596 1667 1645 capite
1687 1625 1696 1641 ,
1728 1596 1842 1631 luisse
1871 1594 2061 1645 synodum
2080 1604 2321 1632 convocatam
2341 1622 2351 1632 ‚

1246 1645 1325 1684 Nec
1354 1656 1453 1684 certe
1469 1647 1654 1684 credibile
1674 1657 1752 1694 est,
1784 1648 1945 1695 Osium,
1977 1648 2264 1696 Alexandrum,
2294 1662 2355 1685 ce-

1246 1696 1419 1752 terosq'ue
1449 1699 1634 1738 Ecclesia>
1664 1699 1878 1748 Praesules,
1907 1702 1975 1753 qui
2004 1702 2287 1743 Constantinum
2308 1702 2355 1739 ad

1245 1753 1444 1804 Synodum
1483 1755 1764 1791 convocandam
1807 1754 2082 1802 hortabantur,
2126 1755 2289 1792 voluisse
2320 1756 2355 1793 ei

1248 1806 1408 1843 suadere
1424 1836 1434 1854 ,
1466 1816 1503 1843 ut
1521 1809 1674 1858 propria
1691 1809 1912 1844 auctoritate
1929 1837 1938 1853 ,
1969 1806 2229 1844 &inconsulto
2246 1807 2357 1846 Rom.

1247 1857 1428 1901 Pontifice
1459 1861 1496 1895 in
1527 1873 1639 1896 causa
1667 1861 1841 1897 omnium
1883 1861 2108 1910 gravissima
2139 1860 2357 1898 universale

1245 1912 1468 1957 Concilium
1494 1922 1666 1964 cogeret.
1698 1911 1897 1963 Praecipue
1918 1927 2004 1950 cum
2027 1922 2158 1951 notum
2187 1915 2253 1961 sit,
2284 1924 2356 1951 sta*

1246 1966 1315 2002 tim
1346 1980 1390 2003 ac
1420 1980 1620 2016 erumpere
1649 1968 1767 2017 coepit
1798 1967 1938 2004 Ariana
1968 1966 2148 2015 haeresis,
2192 1966 2358 2005 Alexan-

1246 2019 1359 2056 drum
1390 2033 1459 2071 pro
1488 2018 1613 2056 debita
1643 2021 1853 2056 reverentia
1883 2034 1970 2070 erga
2000 2020 2258 2071 apostolicam
2289 2021 2357 2058 Se-

1245 2071 1331 2108 dem
1351 2102 1361 2119 ,
1405 2072 1453 2108 de
1480 2081 1554 2108 tota
1582 2086 1626 2109 re
1651 2073 1849 2109 certiorem
1881 2073 2014 2109 fecisse
2041 2070 2082 2110 S.
2113 2072 2355 2124 Sylvestrum

1245 2123 1354 2162 Rom.
1386 2124 1631 2162 Pontificem.
1663 2124 1837 2161 [Manent
1858 2124 2046 2172 Litteroe,
2077 2126 2275 2177 inquiebat
2291 2127 2357 2164 Li-

1241 2176 1372 2215 berius
1400 2178 1440 2215 S.
1470 2177 1655 2229 Sylvestri
1687 2191 1877 2216 successor
1904 2179 1944 2215 in
1973 2179 2082 2230 epist.
2112 2179 2158 2216 ad
2176 2180 2355 2218 Constan-

1241 2232 1366 2279 tium,
1412 2231 1635 2268 Alexandri
1664 2230 1848 2282 Episcopi
1884 2232 1979 2269 olim
2023 2231 2079 2269 ad
2107 2232 2355 2284 Sslvestrum

1241 2295 1405 2328 sanctae,
1442 2289 1647 2324 memorioe
1675 2284 1914 2332 destinatae,
1963 2284 2097 2335 quibus
2123 2284 2354 2338 significat,

1242 2337 1427 2376 undecim
1456 2349 1545 2376 tam
1574 2337 1848 2390 presbfieros,
1896 2352 2019 2389 quam
2049 2343 2172 2376 etiam
2204 2339 2352 2377 v‹liaco-

1242 2404 1341 2441 nos,
1371 2392 1473 2441 quod
1503 2393 1588 2430 Arii
1617 2391 1800 2430 haeresim
1830 2400 2111 2443 sequerentur,
2140 2405 2184 2430 se
2210 2391 2355 2431 Eccle-

1241 2457 1304 2482 sia
1333 2459 1498 2497 eJeczsse
1516 2474 1525 2484 .

1300 2500 1360 2537 15.
1391 2499 1464 2537 Sed
1493 2499 1618 2538 adhuc
1648 2497 1802 2536 moleste
1823 2499 1985 2551 inquirit
2000 2499 2227 2551 Rasnagius,
2258 2514 2354 2552 qua-

1241 2567 1282 2590 re
1311 2552 1505 2605 Sylvester
1536 2555 1615 2604 ipse
1656 2552 1831 2603 epistolas
1859 2555 2140 2590 convocatorias
2181 2556 2226 2590 ad
2257 2553 2353 2604 Epi-

1241 2619 1373 2658 scopos
1402 2621 1474 2644 non
1504 2608 1632 2651 misit3
1661 2606 1695 2642 &
1725 2620 1842 2658 quare
1863 2605 1996 2643 saltem
2019 2608 2055 2643 in
2074 2606 2240 2658 epistolis
2255 2608 2352 2644 Con-

1241 2661 1389 2698 stantini
1434 2661 1676 2712 indigitatum
1720 2673 1796 2696 non
1826 2660 1926 2707 fuit,
1977 2659 2073 2697 lianc
2116 2661 2352 2697 convocatio-

1239 2728 1328 2751 nem
1369 2715 1525 2751 nomine
1560 2722 1673 2765 atque
1715 2714 1937 2760 auctoritate
1965 2712 2125 2751 Roman.
2154 2713 2353 2752 Pontificis

1238 2768 1324 2806 fieri
1346 2793 1356 2804 .

1297 2820 1357 2865 14.
1390 2818 1500 2872 Resp.
1530 2818 1632 2857 haud
1662 2818 1776 2857 facile
1807 2833 1905 2868 esse,
1935 2833 2043 2858 veras
2073 2820 2229 2858 reddere
2257 2834 2349 2857 cau-

1238 2888 1296 2911 sas
1325 2886 1456 2910 eorum
1476 2903 1486 2921 ‚
1529 2881 1617 2924 quae
1648 2875 1857 2925 antiquitus
1885 2884 1985 2924 gesta
2013 2885 2123 2911 sunt:
2168 2872 2265 2910 nihil
2292 2882 2347 2910 ta-

1238 2941 1325 2965 men
1356 2926 1494 2972 refert,
1525 2925 1700 2978 epistolas
1729 2927 1778 2964 ab
1800 2927 2030 2978 Imperatore
2050 2927 2165 2963 fuisse
2192 2926 2236 2963 ad
2259 2939 2346 2963 con-

1239 2979 1423 3019 vocandos
1450 2980 1660 3032 Episcopos
1689 2981 1921 3018 transmissas
1939 3009 1948 3027 ,
1978 2979 2184 3016 dummodo
2213 2980 2250 3017 id
2271 2993 2346 3017 non

1242 3034 1386 3084 absque
1426 3047 1607 3070 consensu
1645 3032 1806 3070 Romani
1843 3031 2036 3070 Pontificis
2075 3033 2221 3070 factum
2265 3035 2346 3071 sit.

1242 3087 1413 3125 Fortass—‘e
1443 3087 1480 3123 id
1511 3088 1645 3136 negotii
1667 3086 1889 3137 Imperatori
1913 3087 2139 3136 permissum
2161 3094 2236 3133 est,
2264 3095 2347 3124 tum

1240 3141 1341 3193 quod
1372 3140 1525 3176 facilius
1555 3139 1612 3176 illi
1657 3140 1771 3176 fuerit
1809 3138 1978 3189 publicis
2000 3138 2222 3177 ‘tabellariis
2252 3139 2347 3190 Epi-

1240 3205 1370 3245 scopos
1400 3194 1589 3238 invitare3
1618 3202 1699 3229 tum
1730 3192 1968 3244 potissimum
2003 3201 2041 3229 ut
2073 3193 2229 3244 Augusti
2265 3195 2345 3242 pie-

1240 3255 1294 3284 tas
1311 3276 1321 3294 ,
1352 3258 1396 3282 ex
1426 3260 1501 3297 qua
1529 3247 1741 3283 maximum
1766 3243 1939 3295 religioni
1956 3245 2183 3282 Christianae
2204 3246 2316 3282 decus
2332 3273 2343 3292 ,

1239 3309 1352 3350 atque
1381 3299 1682 3336 emolumentum
1699 3298 1922 3346 accedebat,
1950 3299 2345 3336 omnibusinnotesce-

1238 3363 1318 3394 ret.
1347 3353 1452 3403 Quid
1480 3366 1570 3395 vero
1597 3353 1640 3391 iu
1666 3353 1713 3391 iis
1741 3352 1875 3391 litteris
1904 3353 2180 3398 contineretur,
2209 3350 2344 3387 adver·

2236 3417 2294 3440 sa-
