2577 3633
274 182 355 222 116

210 272 253 295 ac
274 270 398 308 presse
425 256 628 295 sumendas
643 287 654 307 ,
684 258 735 296 ita
752 267 790 298 ut
809 260 1030 298 omnimoda
1050 261 1116 299 fiat
1133 264 1328 317 utriusque

207 311 455 362 generationis
482 310 717 362 similitudo,
757 327 846 365 quae
876 328 954 352 esse
983 328 1058 353 non
1087 324 1234 367 potest,·
1262 321 1326 358 sed

207 364 246 401 id
275 364 419 401 dictum
448 377 699 418 nonunquam
729 367 845 406 fuisse
873 369 920 405 ad
962 368 1230 421 explicandam
1260 387 1324 411 ve—

206 430 290 454 rani
319 417 458 456 Christi
488 418 755 471 divinitatem,
798 436 1006 474 veramque
1050 421 1221 474 ejusdem
1251 425 1323 465 liu-

206 472 451 521 manitatem,
481 486 599 525 qnam
629 488 698 527 pro
726 484 849 514 nostra
878 476 1136 529 redemptione
1155 493 1323 519 assume-

205 538 246 562 re
283 525 455 577 dignatus
485 536 562 565 est.
610 527 727 566 Porro
755 537 796 566 ut
824 543 914 568 vera
943 531 989 568 sit
1016 529 1156 570 Christi
1186 532 1325 574 huma-

204 580 301 617 nitas
318 609 328 627 ,
372 594 522 618 necesse
549 594 625 618 non
656 591 738 631 est,
786 591 826 620 ut
856 584 988 622 eadem
1016 598 1186 624 numero
1212 589 1258 626 sit
1284 604 1324 626 e-

203 631 264 683 jus
292 642 427 671 natura
457 648 545 672 cum
575 644 726 684 nostra,
755 637 821 674 sed
849 637 1013 687 sufficit,
1042 648 1086 676 ut*
1110 641 1156 678 sit
1186 642 1318 681 eadem

204 690 360 738 specie.
401 687 500 725 Vera
529 696 656 726 autem
687 691 725 727 in
754 690 905 729 Christo
933 693 1110 732 divinitas
1139 709 1215 733 esse
1243 709 1318 734 non

203 749 348 791 posset,
379 741 453 778 nisi
484 741 616 778 eadem
645 756 814 783 numero
844 755 937 783 esset
952 759 1042 785 cum
1062 746 1196 798 Patre,
1227 750 1319 802 quia

199 793 328 845 plures
357 807 524 832 numero
553 799 724 836 essentiae
754 799 900 839 divinae
931 812 1164 853 repugnant.

210 847 214 849 ’
258 847 351 899 595.
381 848 468 886 Inst.
499 849 763 891 Constantinus
793 854 1029 906 Imperator,
1066 858 1134 909 qui
1164 857 1320 909 Synodo

198 900 369 939 Nicaenae
401 903 604 952 interfuit,
647 905 753 957 imo,
797 917 837 945 ut
865 907 1055 948 Eusebius
1084 911 1231 949 videtur
1259 912 1319 949 in-

197 967 313 992 nuere
345 957 359 1006 (
390 957 493 1008 apud
535 957 730 998 Socratem
760 961 850 1000 Lib.
879 963 908 1000 Ι.
938 961 1094 1002 Histor.
1137 964 1251 1003 Eccl.
1282 980 1317 1003 c.

195 1007 237 1046 8.
269 1008 283 1058 )
314 1023 448 1048 vocem
479 1011 600 1063 ipsam
634 1013 798 1063 ἑμοὲσιον
828 1016 999 1066 invenit,
1029 1017 1177 1057 Patren]
1210 1034 1229 1056 a
1251 1018 1318 1056 Fi-

196 1060 252 1099 tio
282 1065 436 1102 essentia
457 1064 735 1117 distinguebat.
764 1067 918 1108 Etenim
949 1072 988 1109 in
1007 1070 1125 1110 Orat.
1141 1072 1195 1110 acl
1211 1073 1315 1110 Stin-

199 1125 352 1153 ciorum
381 1128 525 1156 costum
556 1133 590 1157 c.
620 1133 658 1173 9·
690 1121 884 1162 Platonem
927 1134 1026 1163 recte
1063 1128 1215 1164 sensisse
1245 1136 1316 1164 sta-

196 1170 319 1218 tuit,'
337 1173 405 1223 qui
434 1176 607 1223 primum
638 1174 796 1225 quidem
828 1177 961 1216 Deum
1000 1192 1122 1229 supra
1151 1195 1315 1218 omnem

192 1222 462 1263 substantiam
495 1240 581 1265 esse
611 1227 740 1266 (locuit
761 1258 771 1269 .
790 1258 800 1269 .
818 1258 828 1269 .
847 1259 856 1270 .
878 1231 983 1270 Huic
1013 1234 1188 1271 alterum
1230 1235 1316 1272 sub-

191 1278 304 1329 jecit,
321 1279 369 1319 <9
391 1280 492 1318 ducis
507 1279 753 1321 substantias
769 1298 937 1323 numero
952 1285 1135 1324 distinxit
1152 1303 1167 1333 ,-
1195 1303 1315 1340 quum

198 1344 282 1369 una
311 1337 361 1370 sit
390 1338 589 1385 utriusque
616 1334 833 1387 perfectio,
863 1340 912 1379 <9⁴
942 1340 1103 1377 secundi
1125 1341 1202 1379 Dei
1231 1342 1316 1381 sub-

193 1385 348 1423 stantia
379 1401 432 1424 ex
460 1391 589 1437 primo
616 1389 896 1442 proficiscatur
912 1391 1001 1430 Deo
1019 1420 1029 1431 .
1059 1393 1247 1434 Nonnulli
1277 1411 1317 1433 a-

192 1437 237 1475 tii
267 1437 390 1478 Patres
405 1439 572 1478 Platonis
600 1442 779 1481 doctrinae
810 1446 857 1482 de
878 1446 1066 1484 Trinitate
1094 1447 1318 1487 laudesnon

192 1493 448 1545 denegarunt.
479 1494 578 1532 Cum
609 1510 696 1547 ergo
725 1497 831 1536 Plato
854 1501 999 1538 nonnisi
1030 1509 1103 1539 tres
1123 1502 1221 1540 Deos
1250 1518 1316 1541 na·

196 1555 281 1583 tura
312 1548 505 1586 distinctos
534 1549 573 1586 in
605 1564 670 1587 sua
702 1551 890 1591 Trinitate
920 1557 1162 1606 cognoverit,
1192 1559 1222 1594 si
1253 1572 1316 1595 ve-

193 1614 277 1637 ram
313 1601 540 1640 Trinitatem
581 1607 781 1655 cognovit,
825 1609 1017 1661 sequitur,
1062 1608 1132 1648 hoc
1163 1624 1316 1664 quoque

190 1653 316 1692 Patres
346 1655 417 1695 ἅς.
438 1687 449 1706 ,
479 1656 650 1711 adeoque
678 1673 752 1698 non
781 1660 859 1699 alio
887 1676 994 1700 sensu
1024 1676 1116 1701 voce
1146 1662 1316 1715 ὁμοιῖσιον

191 1708 307 1747 fuisse
336 1724 442 1759 usos,
472 1724 591 1765 quain
620 1713 667 1750 ad
697 1715 950 1755 denotandam
983 1719 1163 1757 unitatem
1194 1732 1315 1757 essen-

192 1763 256 1800 tiae
287 1764 510 1814 specificam
529 1791 539 1803 .

247 1816 338 1868 596.
372 1818 485 1870 Resp.
516 1833 537 1855 a
566 1820 810 1860 Constantino
839 1824 955 1862 fuisse
992 1834 1217 1878 usurpatum
1248 1840 1313 1864 no-

195 1883 283 1906 men
314 1870 423 1910 s'ertoetr
451 1871 535 1908 loco
564 1870 796 1923 ῦποςαῖσεος,
835 1877 881 1913 ad
909 1877 1178 1928 designandam
1210 1880 1311 1917 scili-

194 1932 251 1960 eet
283 1936 358 1960 non
391 1924 637 1963 substantiam
677 1926 875 1978 divinam,
923 1945 1012 1982 quae
1055 1935 1204 1970 nonnisi
1235 1948 1313 1971 una

194 1991 270 2014 esse
301 1986 443 2027 potest,
487 1979 549 2016 sed
580 1991 754 2030 personas
775 2013 786 2030 ,
828 1997 915 2034 quae
948 1993 1020 2022 tres
1049 1995 1162 2034 sunt,
1193 1987 1227 2023 &
1256 1988 1314 2025 di-

191 2032 338 2068 stinctae
358 2057 367 2067 .
411 2032 506 2069 Haec
536 2033 638 2069 vocis
671 2033 784 2077 ε’σιας
816 2039 1011 2088 usurpatio
1039 2040 1085 2075 ad
1115 2041 1313 2092 designan-

190 2084 277 2121 dam
310 2096 382 2120 non
412 2085 684 2133 substantiam,
715 2085 777 2122 sed
799 2103 1023 2141 personam,
1055 2106 1126 2129 nou
1151 2094 1313 2132 insolens

190 2133 264 2174 fuit
291 2137 393 2187 apud
414 2137 589 2186 Veteres,
621 2149 660 2176 ut
689 2139 812 2179 videri
843 2152 961 2194 potest
990 2145 1092 2195 apud
1115 2145 1314 2185 Petavium

189 2191 279 2229 Lib.
297 2191 364 2228 IV.
396 2191 444 2229 (le
470 2191 579 2229 Trin.
609 2206 694 2244 cap.
724 2207 757 2231 1.
780 2195 812 2230 ἃ
834 2196 958 2235 alibi.
988 2199 1165 2237 Ceterum
1197 2215 1314 2240 unam

189 2258 267 2282 esse
288 2244 433 2293 Patris,
464 2260 507 2284 ac
538 2246 631 2284 Filii
662 2251 917 2288 numeralem
949 2252 1199 2292 substantiam
1219 2286 1228 2303 ,
1259 2270 1316 2293 sa-

190 2300 237 2336 iis
266 2299 446 2337 indicavit
477 2301 580 2338 idem
600 2301 868 2342 Constantinus
899 2306 944 2342 iis
974 2307 1125 2345 verbis:
1155 2323 1246 2346 cuin
1276 2324 1317 2346 u-

193 2365 249 2389 na
279 2356 327 2389 sit
357 2358 555 2405 utriusque
583 2354 806 2406 perfecti05
850 2373 974 2412 neque
1004 2364 1103 2399 enim
1139 2377 1210 2400 una
1241 2378 1318 2402 esse

193 2415 311 2458 potest
341 2405 459 2445 Patris
482 2439 492 2456 ,
536 2408 570 2444 8<
600 2409 694 2447 Filii
726 2412 936 2462 perfectio,
979 2416 1009 2452 si
1039 2415 1181 2468 duplex
1227 2428 1319 2456 esset

191 2462 393 2511 utriusque
423 2472 581 2500 natura.
612 2462 783 2503 Ulterius
813 2481 889 2518 quo
918 2482 1026 2505 sensu
1055 2469 1318 2510 Constantinus

192 2516 383 2566 acceperit
414 2529 545 2554 vocem
577 2517 748 2566 ὁμοέσιον
766 2550 776 2568 ,
808 2522 952 2559 indicat
972 2522 1164 2562 Eusebius
1185 2526 1224 2562 in
1245 2539 1315 2562 Βεε-

196 2569 284 2620 pius
326 2567 487 2620 allegata
534 2585 600 2608 sua
630 2584 691 2622 ep.
721 2574 766 2610 ad
795 2574 1072 2625 Caesarienses,
1116 2578 1316 2631 inquiens:

194 2635 317 2672 quam
356 2624 515 2673 quidem
558 2637 692 2663 §focem
723 2629 804 2677 ipse
835 2632 849 2679 (
882 2630 1092 2682 Imperator
1120 2632 1134 2680 )
1165 2645 1320 2683 quoque>

194 2678 476 2725 interpretatus
506 2688 564 2715 est
581 2708 591 2726 ,
622 2691 810 2718 asserens
840 2683 1184 2723 consubstantiale
1212 2701 1240 2724 ci,
1268 2701 1312 2726 se

197 2728 273 2766 ilici
291 2759 301 2777 ,
333 2743 412 2767 non
435 2734 561 2784 juxta
591 2739 763 2783 corporis
793 2734 1060 2787 affectiones,
1089 2753 1214 2791 neque
1241 2754 1310 2791 per

194 2782 448 2833 divisionem,
479 2795 548 2823 aut
576 2800 645 2836 per
673 2793 891 2828 sectionem
920 2792 1145 2843 quamdam
1167 2793 1310 2833 Filium

194 2850 247 2874 ex
277 2837 400 2875 Putre
427 2838 634 2880 subsistere
655 2867 664 2879 .
695 2841 771 2881 Sed
798 2845 844 2882 de
875 2847 1014 2884 unitate
1043 2850 1243 2887 numerica
1271 2850 1313 2887 in

194 2904 279 2942 cap.
310 2906 388 2944 seq.

250 2947 342 2998 597.
374 2946 485 2993 Quod
516 2961 606 2987 vero
635 2950 900 2990 Constantinus
930 2957 1146 3007 putaverit,
1190 2955 1312 2994 Plato-

196 3011 283 3037 nem
314 3009 412 3038 recte
441 3001 488 3039 de
508 3001 696 3042 Trinitate
725 3007 911 3056 sensisse,
940 3018 1066 3048 nostra
1094 3023 1234 3064 partun
1256 3012 1311 3050 in-

251 3182 304 3217 (a)
325 3176 360 3210 ld
387 3191 505 3215 nari-at
528 3184 603 3217 Jac.
619 3186 799 3220 Arminius
825 3187 860 3220 in
888 3189 990 3233 epist.
1016 3190 1168 3236 quadam
1195 3192 1236 3227 ad
1263 3194 1317 3226 Jo.

199 3224 526 3269 Vytembogardum
545 3231 634 3263 inter
653 3237 817 3275 epistolas
843 3239 1107 3271 ecclesiasticas
1127 3261 1138 3280 ,
1166 3245 1204 3273 (7⁴
1220 3241 1318 3273 theo-

203 3274 338 3314 logicas
363 3280 617 3315 pnes-tantiam,
657 3291 697 3310 ac
723 3283 929 3315 eriidi'mrum
954 3289 1098 3317 uirorum
1122 3298 1200 3331 pag.
1227 3287 1317 3320 mihi

206 3324 284 3358 214.
314 3319 396 3350 item
431 3320 497 3352 alia
532 3322 632 3364 epist.
666 3324 706 3355 ad
735 3329 813 3358 Cor.
842 3329 1022 3363 Vorstiuin
1048 3344 1125 3377 pag.
1147 3334 1202 3366 56.
1242 3335 1316 3367 Hae

204 3365 240 3396 in
266 3376 301 3396 re
328 3377 346 3397 a
374 3365 513 3398 Petavio
539 3368 689 3400 Linvi.
717 3373 760 3403 da
787 3372 913 3409 Trinit.
941 3388 1016 3420 cap.
1049 3390 1102 3410 12.
1131 3381 1318 3424 culpan-tut*

202 3411 309 3446 etiam
348 3412 540 3454 Calvinus,
584 3413 728 3462 ejusque
770 3417 932 3468 discipuli
966 3423 1100 3460 'theom
1136 3426 1252 3469 Beza,
1286 3430 1319 3463 δὲ

960 146 1367 230 DISSERTATIO
1401 187 1479 230 ΙΙΙ.
1534 187 1662 231 ΟΑΡ.
1697 189 1756 231 Χ.

1397 277 1531 306 tei-est.
1577 268 1616 304 td
1646 268 1819 319 piissimo
1839 267 2006 320 Augusto
2035 272 2160 311 visum
2191 281 2270 322 est,
2299 270 2425 318 studio
2450 289 2458 308 t

1395 322 1548 360 tholicae
1565 320 1654 359 fidei
1671 323 1789 373 magis
1810 324 2065 375 propagandae
2082 340 2092 371 3
2113 328 2237 379 reipsa
2257 329 2358 365 enim
2378 324 2448 363 Eth

1393 378 1430 414 ci
1458 375 1660 414 Platonicae
1692 374 1946 429 philosophiae
1984 378 2141 417 studiosi
2183 381 2336 419 facilius
2364 380 2411 417 ad
2444 394 2468 418 n

1391 439 1506 468 stram
1549 429 1773 480 religionem
1815 430 2136 480 adducebantur,
2179 447 2267 472 cum
2312 435 2479 474 viderent

1392 499 1476 522 eam
1504 499 1526 521 a
1554 484 1706 536 placitis
1735 482 2048 536 Philosophorum
2081 499 2153 523 non
2183 501 2263 524 esse
2287 489 2440 526 omniuo
2467 503 2484 525 a

1392 538 1536 576 lienam
1554 563 1563 575 .
1594 538 1772 575 Ceterum
1794 537 1968 590 plerique
1988 548 2104 577 sanct.
2126 539 2282 578 Patrum
2303 550 2481 592 putarunt

1391 591 1588 629 Platonem
1630 605 1718 643 quae
1749 592 1795 629 de
1826 592 2014 630 Trinitate
2055 593 2257 642 disseruit,
2302 595 2418 632 fuisse
2460 596 2509 634 ab

1389 645 1566 684 Hebraeis
1595 644 1846 695 suffuratum,
1875 647 1979 699 quod
2009 647 2123 685 etiam
2151 662 2268 702 supra
2297 649 2513 687 notavimus

1388 698 1490 737 Diss.
1512 700 1542 738 I.
1573 714 1608 737 c.
1635 712 1668 737 i.
1698 713 1739 737 n.
1762 700 1826 745 54.

1443 753 1536 805 598.
1567 753 1754 803 Quaeres,
1792 768 1840 791 an
1869 752 2042 792 Christus
2071 754 2260 795 Dominus
2290 757 2366 795 dici
2396 756 2512 809 possit

1387 806 1571 854 αότσβεός·
1590 838 1600 855 ,
1631 806 1691 844 vel
1721 809 1942 858 αὐτοέσιος,
1971 822 2112 862 nempe
2141 808 2253 848 Deus
2280 824 2308 848 a
2337 823 2407 858 se,
2450 809 2512 850 vel

1387 864 1565 897 essentia
1596 875 1623 898 a
1654 874 1695 898 se
1716 860 1739 897 ?

1442 913 1534 966 599.
1566 915 1736 962 Quaestio
1765 915 1848 954 haec
1879 916 2038 954 excitata
2068 916 2141 955 fuit
2175 919 2372 956 occasione
2401 917 2510 956 Soci-

1385 967 1514 1005 nianae
1558 970 1792 1020 inipietatis3
1830 984 1918 1008 cum
1962 971 2066 1009 enini
2097 984 2142 1008 ex
2185 973 2290 1010 novis
2321 973 2510 1011 Unitariis

1384 1030 1515 1060 contra
1546 1037 1676 1060 veram
1706 1023 1845 1061 Christi
1876 1024 1964 1061 Jesu
1994 1025 2232 1063 divinitatem
2263 1026 2507 1078 objicerent,

1385 1076 1487 1126 quod
1516 1076 1646 1115 Filius
1672 1092 1693 1114 a
1722 1080 1846 1130 seipso
1887 1091 1958 1115 non
1988 1080 2060 1126 sit,
2103 1079 2168 1116 sed
2197 1095 2218 1117 a
2248 1080 2357 1118 Patre
2378 1111 2388 1130 ‚
2431 1080 2509 1118 Det

1384 1138 1511 1166 autem
1555 1130 1750 1169 character
1779 1134 1826 1169 sit
1856 1146 1934 1170 esse
1963 1146 1984 1168 a
2013 1133 2135 1184 seipso
2154 1162 2164 1180 ,
2208 1135 2411 1181 αὐτοβέον,
2442 1134 2510 1174 αὖ·

1386 1183 1515 1223 τοέσοι
1555 1183 1675 1236 aliqui
1706 1183 1927 1223 Calviniaui
1970 1186 2267 1237 responderunt,
2311 1186 2511 1224 Christum

1386 1237 1512 1288 reipsa
1543 1252 1620 1275 esse
1641 1251 1667 1274 a
1688 1251 1732 1274 se
1760 1235 1943 1284 αὔτσβέον
1961 1264 1971 1276 .
2001 1239 2076 1276 Sed
2106 1252 2234 1277 rursus
2264 1240 2510 1291 insurgebant

1385 1288 1612 1339 Sociniani,
1645 1291 1937 1338 contendentes,
1982 1300 2070 1329 tunc
2100 1306 2176 1329 esse
2205 1293 2334 1330 Deum
2365 1294 2513 1345 ingeni·

1385 1351 1466 1380 tum
1483 1374 1495 1391 ,
1525 1345 1638 1382 sicuti
1669 1353 1719 1382 est
1740 1343 1877 1388 Pater3
1909 1343 1942 1378 8(
1971 1357 2029 1381 res
2050 1357 2093 1382 eo
2111 1345 2292 1392 devenit,
2322 1355 2362 1382 ut
2382 1346 2506 1399 aliqui

1385 1397 1433 1433 ad
1463 1399 1543 1435 viui
1572 1398 1786 1449 argumenti
1815 1397 2062 1435 devitandam
2091 1398 2288 1447 dicerent,
2325 1397 2476 1436 Patrem
2494 1428 2507 1447 ,

1387 1449 1536 1488 Filium
1555 1482 1565 1500 ,
1609 1452 1641 1488 8(
1672 1452 1861 1504 Spiritum
1890 1460 2065 1490 sanctum
2095 1450 2238 1489 habere
2265 1451 2514 1489 collaterali-

1386 1512 1445 1540 ter
1474 1507 1672 1544 essentiam
1701 1507 1903 1552 divinam,
1947 1519 2023 1543 non
2051 1515 2178 1543 autem
2209 1519 2253 1543 ex
2285 1506 2322 1543 vi
2352 1507 2509 1544 divina-

1385 1571 1473 1595 rum
1504 1562 1814 1611 processionum,
1859 1573 1923 1596 seu
1955 1568 1993 1597 nt:
2021 1558 2149 1611 ajebat
2179 1559 2424 1607 Trelcatius,
2455 1574 2512 1598 es-

1385 1614 1543 1651 sentiam
1574 1615 1744 1653 divinam
1777 1627 1855 1651 esse
1884 1627 2143 1652 communem
2171 1614 2294 1652 tribus
2313 1611 2510 1664 Persoi'iis,

1385 1667 1448 1704 sed
1480 1681 1556 1706 non
1586 1671 1936 1706 communicatam
1969 1667 2034 1720 (a)
2056 1695 2066 1707 .

1439 1720 1532 1766 400.
1563 1722 1613 1761 Et
1642 1723 1800 1775 quidem
1831 1722 1959 1773 negari
1991 1736 2063 1760 non
2085 1730 2230 1774 potest,
2259 1727 2401 1771 veteres
2431 1722 2512 1761 Ec-

1383 1773 1511 1813 clesiae
1542 1776 1668 1814 Patres
1697 1776 1900 1828 aliquoties
1929 1775 2164 1824 affirmasse,
2202 1775 2396 1819 Christum
2430 1776 2511 1812 Do-

1383 1831 1536 1865 minum
1574 1844 1650 1867 esse
1680 1830 1807 1867 Deum
1838 1844 1859 1865 a
1881 1843 1944 1867 se.
1988 1829 2053 1867 Sic
2084 1828 2328 1880 Epiphanius
2358 1829 2510 1868 Haeresi

1382 1881 1584 1921 LXXVII.
1606 1882 1718 1921 Deus
1741 1881 1913 1920 Verbum
1931 1913 1941 1931 ,
1963 1883 2087 1934 inquit
2107 1913 2115 1930 ,
2137 1887 2177 1919 in
2197 1885 2324 1932 seipso
2343 1895 2508 1919 omnem

1383 1934 1531 1973 liabens
1560 1936 1847 1989 perfectionem
1876 1949 1945 1986 per
1974 1950 2017 1974 se
2046 1935 2266 1988 perfectum
2297 1940 2503 1984 existens,

1381 2001 1450 2038 per
1480 2003 1522 2027 se
1552 1990 1664 2029 Deus
1692 1995 1898 2038 existens,
1942 2004 2012 2040 per
2040 2004 2083 2028 se
2111 1993 2287 2041 potentia
2311 2019 2321 2037 ,
2365 2003 2432 2039 per
2462 2002 2507 2026 se

1383 2056 1498 2079 mens
1516 2074 1525 2092 ,
1569 2058 1638 2095 per
1665 2058 1708 2082 se
1736 2045 1836 2082 lux:
1883 2041 2123 2084 οευτοτέλειοτ
2153 2040 2198 2083 ὧν
2227 2041 2423 2101 αὖτόβεως
2449 2041 2507 2101 52»-

1382 2095 1653 2146 αι’τοδυιάμιτ,
1683 2098 1844 2138 αότονῖις
1876 2096 2042 2144 atrocem?
2060 2122 2070 2132 .
2100 2094 2164 2133 Sic
2192 2095 2383 2133 Eusebius
2407 2094 2503 2155 inb.

1384 2146 1436 2184 X.
1459 2148 1562 2185 Hist.
1585 2148 1701 2186 Eccl.
1731 2164 1765 2187 c.
1788 2150 1826 2194 4.
1857 2149 1970 2186 refert
1998 2149 2208 2186 orationem
2233 2162 2510 2199 panegyricam

1383 2201 1524 2239 dictam
1555 2201 1719 2239 Paulino
1740 2202 1953 2253 Tyriorum
1975 2200 2170 2252 Episcopo
2197 2200 2246 2237 de
2273 2200 2510 2238 aedificatio-

1387 2268 1437 2291 iie
1461 2254 1713 2305 Templorum
1734 2286 1743 2302 ,
1776 2258 1814 2292 in
1837 2263 1914 2307 qua
1934 2252 2113 2291 Servatur
2133 2263 2258 2292 noster
2272 2253 2380 2291 Jesus
2399 2253 2512 2292 Chri-

1386 2317 1462 2347 stus
1504 2309 1645 2347 dicitur
1688 2309 1929 2355 adorandus,
1971 2321 2043 2345 non
2075 2317 2113 2346 ut
2144 2307 2222 2346 Rex
2266 2307 2433 2359 vulgaris
2463 2320 2509 2345 ex

1387 2362 1610 2402 hominibus
1642 2363 1786 2411 factus,
1824 2362 1894 2402 secl
1922 2371 2121 2412 tanquam
2150 2365 2297 2399 summi
2325 2366 2507 2399 omnium

1387 2416 1465 2455 Det
1494 2418 1694 2455 naim-alis
1724 2415 1843 2454 Filius
1873 2429 1922 2454 [tc
1952 2429 2022 2466 per
2049 2430 2092 2453 se
2121 2415 2233 2453 Deus
2263 2412 2445 2462 oev'rosse'w
2463 2443 2474 2455 .

1442 2472 1534 2517 40¹·
1565 2471 1653 2510 Alia
1683 2471 1865 2509 nonnulla
1895 2470 2010 2522 hujus
2052 2472 2196 2521 generis
2227 2483 2272 2507 ex
2302 2482 2408 2505 sacra
2437 2483 2513 2506 an-

1386 2526 1559 2577 tiquitate
1587 2527 1716 2563 afferri
1747 2534 1934 2578 possunt3
1976 2538 2064 2576 quae
2094 2533 2220 2562 tamen
2252 2523 2416 2574 benigne
2446 2536 2509 2561 ex-

1384 2578 1524 2629 plicari
1554 2588 1724 2631 oportet,
1775 2588 1815 2616 ut
1846 2591 1958 2616 nemo
1999 2578 2126 2616 credat
2157 2578 2306 2616 Filium
2351 2578 2401 2614 ita
2432 2591 2510 2615 esse

1385 2633 1571 2680 moenaio«,-
1601 2647 1646 2671 ex
1675 2648 1713 2672 se
1743 2633 1871 2671 Deum
1890 2663 1899 2680 ,
1930 2642 1970 2670 ut
2000 2633 2193 2683 ingenitus
2219 2633 2288 2678 sit,
2318 2631 2515 2683 quomodo,-

1385 2683 1493 2723 l’ater
1523 2697 1575 2724 est
1605 2688 1823 2739 ingenitus;
1854 2687 1916 2724 sed
1947 2688 1997 2724 ita
2028 2695 2066 2723 ut
2087 2700 2154 2738 per
2182 2686 2369 2736 originem
2392 2699 2413 2722 a
2434 2684 2505 2723 Pa-

1380 2745 1436 2775 tre
1465 2739 1575 2779 illam
1605 2742 1779 2779 divinam
1809 2741 2006 2779 essentiam
2028 2741 2216 2792 accipiat,
2246 2753 2335 2796 (1thae
2358 2748 2502 2776 aeterna

1381 2801 1464 2841 est,
1496 2795 1756 2846 improducta‚
1788 2794 1822 2830 8<
1851 2810 1873 2833 a
1901 2796 2024 2846 seipsa
2053 2794 2214 2831 existens
2232 2821 2241 2831 .
2273 2793 2356 2830 {Non
2378 2794 2506 2852 itaque

1380 2846 1460 2884 siue
1491 2847 1571 2886 ulla
1600 2848 1853 2900 explicatione
1882 2849 2030 2886 admitti
2060 2847 2172 2885 debet
2202 2861 2244 2884 ea
2274 2853 2503 2905 propositio:

1381 2897 1500 2938 Filius
1529 2911 1588 2939 est
1617 2915 1671 2941 ex
1700 2917 1769 2952 se,
1799 2917 1867 2941 seu
1897 2916 1925 2940 a
1955 2906 2081 2953 seipso
2112 2900 2246 2946 Deus,
2277 2911 2324 2958 ne
2352 2911 2510 2959 occasio

1381 2955 1599 3005 praebeatur
1637 2957 1799 3008 negandi
1841 2957 2018 2994 secundae
2050 2953 2220 2991 Personae
2263 2964 2453 3002 originem
2483 2967 2507 2991 a

1381 3009 1509 3061 prima
1525 3036 1535 3048 .
1564 3010 1742 3049 Ceterum
1760 3010 1934 3063 Synodus
1955 3008 2115 3047 Nicaena
2144 3007 2185 3044 in
2205 3004 2507 3099 Symbolotcon-

2415 3073 2456 3098 ra

1388 3192 1511 3226 Lamb-
1533 3191 1683 3225 Damus
1699 3215 1710 3235 ,
1737 3190 1831 3238 quod
1858 3191 1906 3224 ita
1931 3188 2038 3222 locuti
2065 3189 2135 3222 sint
2161 3186 2202 3220 de
2223 3187 2362 3228 Verbo,
2388 3188 2508 3233 perin-

1386 3239 1430 3273 de
1456 3252 1494 3272 ac
1521 3239 1548 3271 si
1575 3238 1719 3273 liaberet
1746 3239 1931 3272 essentiam
1948 3250 1965 3269 a
1993 3237 2104 3281 seipso
2123 3257 2133 3276 ,
2161 3247 2227 3268 non
2257 3243 2373 3268 autem
2401 3248 2418 3267 a
2439 3235 2502 3267 Pa-

1386 3295 1439 3320 tre
1465 3287 1786 3319 communicatam.
1814 3287 1916 3318 Certe
1943 3284 2111 3316 Calvinus
2138 3282 2172 3314 in
2201 3281 2505 3315 Admonitioneasl

1385 3333 1527 3366 Fratres
1572 3332 1743 3372 Polonos,
1782 3337 1817 3365 in
1854 3331 2103 3373 Explicaticme
2139 3327 2294 3372 perfidia
2326 3328 2502 3361 Valentini

1390 3380 1572 3418 Genhlis,
1609 3383 1639 3411 δε
1667 3379 1756 3412 alibi
1783 3390 1849 3411 non
1877 3378 1982 3410 semel
2018 3377 2193 3415 asseruit,
2230 3374 2458 3408 Filmmtesse
2481 3387 2506 3410 a

1387 3440 1424 3462 se
1443 3448 1458 3469 2
1481 3430 1522 3461 C*
1547 3440 1569 3462 α
1595 3440 1631 3462 se
1658 3426 1783 3460 habere
1809 3428 2026 3462 divinitatem
2038 3444 2054 3465 ‚⁴
2077 3428 2116 3459 (θ’
2138 3426 2347 3457 essentiam.

2574 2463 2577 2486 l

2574 2501 2577 2515 t

2559 3350 2561 3415 l
