<?xml version="1.0" encoding="UTF-8"?>
<!DOCTYPE html PUBLIC "-//W3C//DTD XHTML 1.0 Transitional//EN"
    "http://www.w3.org/TR/xhtml1/DTD/xhtml1-transitional.dtd">
<html xmlns="http://www.w3.org/1999/xhtml" xml:lang="en" lang="en">
 <head>
  <title>
</title>
<meta http-equiv="Content-Type" content="text/html;charset=utf-8" />
  <meta name='ocr-system' content='tesseract 3.04.00' />
  <meta name='ocr-capabilities' content='ocr_page ocr_carea ocr_par ocr_line ocrx_word'/>
</head>
<body>
  <div class='ocr_page' id='page_1' title='image "./fratrispetrimari02gazzuoft/fratrispetrimari02gazzuoft_0075.png"; bbox 0 0 2577 3633; ppageno 0'>
   <div class='ocr_carea' id='block_1_1' title="bbox 790 142 1576 194">
    <p class='ocr_par' dir='ltr' id='par_1_1' title="bbox 790 142 1576 194">
     <span class='ocr_line' id='line_1_1' title="bbox 790 142 1576 194; baseline -0.001 -2"><span class='ocrx_word' id='word_1_1' title='bbox 790 142 1019 192; x_wconf 80' lang='lat' dir='ltr'>VINDIC.</span> <span class='ocrx_word' id='word_1_2' title='bbox 1050 144 1098 190; x_wconf 90' lang='lat' dir='ltr'>S.</span> <span class='ocrx_word' id='word_1_3' title='bbox 1131 144 1209 192; x_wconf 86' lang='lat' dir='ltr'>JO.</span> <span class='ocrx_word' id='word_1_4' title='bbox 1241 142 1576 194; x_wconf 72' lang='lat' dir='ltr'>CHRYSOST.</span> 
     </span>
    </p>
   </div>
   <div class='ocr_carea' id='block_1_2' title="bbox 17 222 1137 3405">
    <p class='ocr_par' dir='ltr' id='par_1_2' title="bbox 22 222 1129 331">
     <span class='ocr_line' id='line_1_2' title="bbox 22 222 1129 280; baseline -0.005 -10"><span class='ocrx_word' id='word_1_5' title='bbox 22 225 143 279; x_wconf 73' lang='lat' dir='ltr'>bant,</span> <span class='ocrx_word' id='word_1_6' title='bbox 171 238 234 268; x_wconf 79' lang='lat' dir='ltr'>sen</span> <span class='ocrx_word' id='word_1_7' title='bbox 249 222 404 265; x_wconf 74' lang='lat' dir='ltr'>verbum</span> <span class='ocrx_word' id='word_1_8' title='bbox 432 229 606 265; x_wconf 81' lang='lat' dir='ltr'>mentis.</span> <span class='ocrx_word' id='word_1_9' title='bbox 634 226 744 266; x_wconf 84' lang='lat' dir='ltr'>Hanc</span> <span class='ocrx_word' id='word_1_10' title='bbox 764 225 814 265; x_wconf 90' lang='lat' dir='ltr'>ab</span> <span class='ocrx_word' id='word_1_11' title='bbox 828 225 1024 266; x_wconf 83' lang='lat' dir='ltr'>intellectu</span> <span class='ocrx_word' id='word_1_12' title='bbox 1042 239 1129 280; x_wconf 85' lang='lat' dir='ltr'>pro-</span> 
     </span>
     <span class='ocr_line' id='line_1_3' title="bbox 23 280 787 331; baseline -0.005 -8"><span class='ocrx_word' id='word_1_13' title='bbox 23 285 114 323; x_wconf 75' lang='lat' dir='ltr'>duci</span> <span class='ocrx_word' id='word_1_14' title='bbox 143 281 346 328; x_wconf 88' lang='lat' dir='ltr'>dicebant,</span> <span class='ocrx_word' id='word_1_15' title='bbox 376 280 492 318; x_wconf 74' lang='lat' dir='ltr'>aliam</span> <span class='ocrx_word' id='word_1_16' title='bbox 523 282 572 319; x_wconf 83' lang='lat' dir='ltr'>ab</span> <span class='ocrx_word' id='word_1_17' title='bbox 601 280 787 331; x_wconf 70' lang='lat' dir='ltr'>objectis.</span> 
     </span>
    </p>

    <p class='ocr_par' dir='ltr' id='par_1_3' title="bbox 17 330 1132 1704">
     <span class='ocr_line' id='line_1_4' title="bbox 83 330 1128 387; baseline -0.001 -14"><span class='ocrx_word' id='word_1_18' title='bbox 83 335 168 374; x_wconf 85' lang='grc'><strong>118.</strong></span> <span class='ocrx_word' id='word_1_19' title='bbox 196 333 284 371; x_wconf 84' lang='lat' dir='ltr'>Jam</span> <span class='ocrx_word' id='word_1_20' title='bbox 315 347 403 371; x_wconf 89' lang='lat' dir='ltr'>vero</span> <span class='ocrx_word' id='word_1_21' title='bbox 431 333 470 371; x_wconf 90' lang='lat' dir='ltr'>S.</span> <span class='ocrx_word' id='word_1_22' title='bbox 493 333 655 376; x_wconf 61' lang='lat' dir='ltr'>Thomas</span> <span class='ocrx_word' id='word_1_23' title='bbox 685 332 888 387; x_wconf 75' lang='lat' dir='ltr'>discipuli,</span> <span class='ocrx_word' id='word_1_24' title='bbox 914 330 1050 385; x_wconf 79' lang='lat' dir='ltr'>paucis</span> <span class='ocrx_word' id='word_1_25' title='bbox 1071 347 1128 372; x_wconf 88' lang='lat' dir='ltr'>re·</span> 
     </span>
     <span class='ocr_line' id='line_1_5' title="bbox 24 386 1128 442; baseline 0 -16"><span class='ocrx_word' id='word_1_26' title='bbox 24 386 306 442; x_wconf 78' lang='lat' dir='ltr'>pugnantibus,</span> <span class='ocrx_word' id='word_1_27' title='bbox 350 399 419 439; x_wconf 85' lang='lat' dir='ltr'>pro</span> <span class='ocrx_word' id='word_1_28' title='bbox 448 397 546 424; x_wconf 86' lang='lat' dir='ltr'>certo</span> <span class='ocrx_word' id='word_1_29' title='bbox 576 386 740 435; x_wconf 81' lang='lat' dir='ltr'>habent,</span> <span class='ocrx_word' id='word_1_30' title='bbox 789 386 932 424; x_wconf 86' lang='lat' dir='ltr'>nullam</span> <span class='ocrx_word' id='word_1_31' title='bbox 963 389 1128 440; x_wconf 82' lang='lat' dir='ltr'>speciem</span> 
     </span>
     <span class='ocr_line' id='line_1_6' title="bbox 22 439 1129 490; baseline 0 -12"><span class='ocrx_word' id='word_1_32' title='bbox 22 446 261 490; x_wconf 74' lang='lat' dir='ltr'><strong><em>impressam</em></strong></span> <span class='ocrx_word' id='word_1_33' title='bbox 287 453 366 477; x_wconf 74' lang='lat' dir='ltr'>‘esse</span> <span class='ocrx_word' id='word_1_34' title='bbox 395 441 434 477; x_wconf 90' lang='lat' dir='ltr'>in</span> <span class='ocrx_word' id='word_1_35' title='bbox 466 439 660 478; x_wconf 82' lang='lat' dir='ltr'>intellectu</span> <span class='ocrx_word' id='word_1_36' title='bbox 688 441 887 478; x_wconf 80' lang='lat' dir='ltr'>Beatorurn</span> <span class='ocrx_word' id='word_1_37' title='bbox 915 439 1041 478; x_wconf 80' lang='lat' dir='ltr'>Deum</span> <span class='ocrx_word' id='word_1_38' title='bbox 1072 442 1129 478; x_wconf 91' lang='lat' dir='ltr'>vi-</span> 
     </span>
     <span class='ocr_line' id='line_1_7' title="bbox 19 492 1128 541; baseline -0.001 -9"><span class='ocrx_word' id='word_1_39' title='bbox 19 495 214 533; x_wconf 84' lang='lat' dir='ltr'>dentium.</span> <span class='ocrx_word' id='word_1_40' title='bbox 262 522 289 541; x_wconf 87' lang='lat'>„</span> <span class='ocrx_word' id='word_1_41' title='bbox 319 492 388 529; x_wconf 82' lang='lat' dir='ltr'>Per</span> <span class='ocrx_word' id='word_1_42' title='bbox 418 492 567 530; x_wconf 81' lang='lat' dir='ltr'>nullam</span> <span class='ocrx_word' id='word_1_43' title='bbox 605 493 897 532; x_wconf 83' lang='lat' dir='ltr'>similitudinem</span> <span class='ocrx_word' id='word_1_44' title='bbox 934 502 1128 541; x_wconf 78' lang='lat' dir='ltr'>creatam,</span> 
     </span>
     <span class='ocr_line' id='line_1_8' title="bbox 23 544 1130 597; baseline 0 -13"><span class='ocrx_word' id='word_1_45' title='bbox 23 573 52 596; x_wconf 87' lang='grc'>,,</span> <span class='ocrx_word' id='word_1_46' title='bbox 82 550 204 596; x_wconf 76' lang='lat' dir='ltr'>inquit</span> <span class='ocrx_word' id='word_1_47' title='bbox 246 546 287 583; x_wconf 84' lang='lat' dir='ltr'>S.</span> <span class='ocrx_word' id='word_1_48' title='bbox 321 544 497 583; x_wconf 75' lang='lat' dir='ltr'>Thomas</span> <span class='ocrx_word' id='word_1_49' title='bbox 539 547 571 584; x_wconf 87' lang='lat' dir='ltr'>I.</span> <span class='ocrx_word' id='word_1_50' title='bbox 602 546 645 584; x_wconf 88' lang='lat' dir='ltr'>P.</span> <span class='ocrx_word' id='word_1_51' title='bbox 684 556 823 597; x_wconf 70' lang='lat' dir='ltr'>quaest.</span> <span class='ocrx_word' id='word_1_52' title='bbox 858 560 917 585; x_wconf 80' lang='grc'>12.</span> <span class='ocrx_word' id='word_1_53' title='bbox 960 547 1032 584; x_wconf 79' lang='lat' dir='ltr'>Dei</span> <span class='ocrx_word' id='word_1_54' title='bbox 1074 561 1130 584; x_wconf 89' lang='lat' dir='ltr'>es-</span> 
     </span>
     <span class='ocr_line' id='line_1_9' title="bbox 20 599 1128 652; baseline 0.001 -15"><span class='ocrx_word' id='word_1_55' title='bbox 20 628 48 649; x_wconf 89' lang='grc'>,,</span> <span class='ocrx_word' id='word_1_56' title='bbox 78 602 192 639; x_wconf 86' lang='lat' dir='ltr'>sentia</span> <span class='ocrx_word' id='word_1_57' title='bbox 220 599 341 636; x_wconf 87' lang='lat' dir='ltr'>videri</span> <span class='ocrx_word' id='word_1_58' title='bbox 372 608 514 651; x_wconf 78' lang='lat' dir='ltr'>potest3</span> <span class='ocrx_word' id='word_1_59' title='bbox 564 602 688 651; x_wconf 77' lang='lat' dir='ltr'>primo</span> <span class='ocrx_word' id='word_1_60' title='bbox 716 601 808 652; x_wconf 81' lang='lat' dir='ltr'>quia</span> <span class='ocrx_word' id='word_1_61' title='bbox 841 602 936 639; x_wconf 87' lang='lat' dir='ltr'>sicut</span> <span class='ocrx_word' id='word_1_62' title='bbox 965 601 1056 638; x_wconf 82' lang='lat' dir='ltr'>dicit</span> <span class='ocrx_word' id='word_1_63' title='bbox 1086 599 1128 638; x_wconf 83' lang='lat' dir='ltr'>S.</span> 
     </span>
     <span class='ocr_line' id='line_1_10' title="bbox 23 651 1126 704; baseline -0.001 -13"><span class='ocrx_word' id='word_1_64' title='bbox 23 680 54 702; x_wconf 78' lang='lat'>,‚</span> <span class='ocrx_word' id='word_1_65' title='bbox 81 651 289 704; x_wconf 77' lang='lat' dir='ltr'>Dionysius</span> <span class='ocrx_word' id='word_1_66' title='bbox 333 657 347 703; x_wconf 90' lang='lat'><strong>(</strong></span> <span class='ocrx_word' id='word_1_67' title='bbox 377 653 423 689; x_wconf 90' lang='lat' dir='ltr'>de</span> <span class='ocrx_word' id='word_1_68' title='bbox 452 653 531 690; x_wconf 81' lang='lat' dir='ltr'>div.</span> <span class='ocrx_word' id='word_1_69' title='bbox 562 656 705 690; x_wconf 85' lang='lat' dir='ltr'>nomin.</span> <span class='ocrx_word' id='word_1_70' title='bbox 736 665 826 703; x_wconf 80' lang='lat' dir='ltr'>cap.</span> <span class='ocrx_word' id='word_1_71' title='bbox 862 667 894 691; x_wconf 93' lang='grc'>1.</span> <span class='ocrx_word' id='word_1_72' title='bbox 924 653 939 701; x_wconf 90' lang='grc'>)</span> <span class='ocrx_word' id='word_1_73' title='bbox 984 667 1051 704; x_wconf 83' lang='lat' dir='ltr'>per</span> <span class='ocrx_word' id='word_1_74' title='bbox 1079 654 1126 690; x_wconf 85' lang='lat' dir='ltr'>si-</span> 
     </span>
     <span class='ocr_line' id='line_1_11' title="bbox 23 705 1130 755; baseline -0.001 -12"><span class='ocrx_word' id='word_1_75' title='bbox 23 732 52 755; x_wconf 87' lang='lat'><strong>„</strong></span> <span class='ocrx_word' id='word_1_76' title='bbox 82 705 316 743; x_wconf 85' lang='lat' dir='ltr'>militudines</span> <span class='ocrx_word' id='word_1_77' title='bbox 346 706 536 743; x_wconf 75' lang='lat' dir='ltr'>inferioris</span> <span class='ocrx_word' id='word_1_78' title='bbox 563 707 707 744; x_wconf 87' lang='lat' dir='ltr'>ordinis</span> <span class='ocrx_word' id='word_1_79' title='bbox 736 720 864 744; x_wconf 87' lang='lat' dir='ltr'>rerum</span> <span class='ocrx_word' id='word_1_80' title='bbox 885 705 992 744; x_wconf 91' lang='lat' dir='ltr'>nullo</span> <span class='ocrx_word' id='word_1_81' title='bbox 1020 707 1130 743; x_wconf 85' lang='lat' dir='ltr'>modo</span> 
     </span>
     <span class='ocr_line' id='line_1_12' title="bbox 19 760 1131 811; baseline -0.001 -15"><span class='ocrx_word' id='word_1_82' title='bbox 19 786 49 807; x_wconf 86' lang='lat'>„</span> <span class='ocrx_word' id='word_1_83' title='bbox 77 760 275 811; x_wconf 87' lang='lat' dir='ltr'>superiora</span> <span class='ocrx_word' id='word_1_84' title='bbox 316 761 486 810; x_wconf 80' lang='lat' dir='ltr'>cognosci</span> <span class='ocrx_word' id='word_1_85' title='bbox 518 768 695 811; x_wconf 84' lang='lat' dir='ltr'>possunt;</span> <span class='ocrx_word' id='word_1_86' title='bbox 737 761 834 797; x_wconf 89' lang='lat' dir='ltr'>sicut</span> <span class='ocrx_word' id='word_1_87' title='bbox 862 771 929 810; x_wconf 87' lang='lat' dir='ltr'>per</span> <span class='ocrx_word' id='word_1_88' title='bbox 965 761 1131 810; x_wconf 84' lang='lat' dir='ltr'>speciem</span> 
     </span>
     <span class='ocr_line' id='line_1_13' title="bbox 21 812 1131 864; baseline -0.001 -15"><span class='ocrx_word' id='word_1_89' title='bbox 21 838 49 860; x_wconf 79' lang='lat'>‚,</span> <span class='ocrx_word' id='word_1_90' title='bbox 79 813 248 862; x_wconf 88' lang='lat' dir='ltr'>corporis</span> <span class='ocrx_word' id='word_1_91' title='bbox 275 824 349 849; x_wconf 88' lang='lat' dir='ltr'>non</span> <span class='ocrx_word' id='word_1_92' title='bbox 379 821 497 864; x_wconf 82' lang='lat' dir='ltr'>potest</span> <span class='ocrx_word' id='word_1_93' title='bbox 526 814 699 863; x_wconf 84' lang='lat' dir='ltr'>cognosci</span> <span class='ocrx_word' id='word_1_94' title='bbox 737 814 894 850; x_wconf 76' lang='lat' dir='ltr'>essentia</span> <span class='ocrx_word' id='word_1_95' title='bbox 924 813 979 848; x_wconf 90' lang='lat' dir='ltr'>rei</span> <span class='ocrx_word' id='word_1_96' title='bbox 1009 812 1131 849; x_wconf 59' lang='lat' dir='ltr'>incoro</span> 
     </span>
     <span class='ocr_line' id='line_1_14' title="bbox 22 864 1131 917; baseline -0.001 -15"><span class='ocrx_word' id='word_1_97' title='bbox 22 892 51 913; x_wconf 84' lang='lat'><strong>„</strong></span> <span class='ocrx_word' id='word_1_98' title='bbox 82 878 231 917; x_wconf 74' lang='lat' dir='ltr'>poreae,</span> <span class='ocrx_word' id='word_1_99' title='bbox 274 864 395 903; x_wconf 89' lang='lat' dir='ltr'>multo</span> <span class='ocrx_word' id='word_1_100' title='bbox 427 867 541 917; x_wconf 85' lang='lat' dir='ltr'>igitur</span> <span class='ocrx_word' id='word_1_101' title='bbox 570 868 697 903; x_wconf 87' lang='lat' dir='ltr'>minus</span> <span class='ocrx_word' id='word_1_102' title='bbox 737 878 806 915; x_wconf 89' lang='lat' dir='ltr'>per</span> <span class='ocrx_word' id='word_1_103' title='bbox 834 866 997 915; x_wconf 84' lang='lat' dir='ltr'>speciem</span> <span class='ocrx_word' id='word_1_104' title='bbox 1027 878 1131 901; x_wconf 84' lang='lat' dir='ltr'>crea-</span> 
     </span>
     <span class='ocr_line' id='line_1_15' title="bbox 22 916 1130 970; baseline -0.001 -14"><span class='ocrx_word' id='word_1_105' title='bbox 22 945 50 967; x_wconf 83' lang='lat'>„</span> <span class='ocrx_word' id='word_1_106' title='bbox 81 927 158 956; x_wconf 88' lang='lat' dir='ltr'>tam</span> <span class='ocrx_word' id='word_1_107' title='bbox 197 931 484 970; x_wconf 77' lang='lat' dir='ltr'>quamcumque</span> <span class='ocrx_word' id='word_1_108' title='bbox 526 918 680 956; x_wconf 78' lang='lat' dir='ltr'>essentia</span> <span class='ocrx_word' id='word_1_109' title='bbox 706 916 782 955; x_wconf 81' lang='lat' dir='ltr'>Dei</span> <span class='ocrx_word' id='word_1_110' title='bbox 823 917 945 955; x_wconf 89' lang='lat' dir='ltr'>videri</span> <span class='ocrx_word' id='word_1_111' title='bbox 989 926 1130 968; x_wconf 82' lang='lat' dir='ltr'>potest.</span> 
     </span>
     <span class='ocr_line' id='line_1_16' title="bbox 24 969 1131 1022; baseline -0.003 -13"><span class='ocrx_word' id='word_1_112' title='bbox 24 998 53 1019; x_wconf 85' lang='lat'>„</span> <span class='ocrx_word' id='word_1_113' title='bbox 81 972 257 1009; x_wconf 86' lang='lat' dir='ltr'>Secundo</span> <span class='ocrx_word' id='word_1_114' title='bbox 285 973 440 1009; x_wconf 83' lang='lat' dir='ltr'>essentia</span> <span class='ocrx_word' id='word_1_115' title='bbox 460 970 534 1008; x_wconf 91' lang='lat' dir='ltr'>Dei</span> <span class='ocrx_word' id='word_1_116' title='bbox 564 972 687 1021; x_wconf 87' lang='lat' dir='ltr'>ipsum</span> <span class='ocrx_word' id='word_1_117' title='bbox 719 982 795 1008; x_wconf 84' lang='lat' dir='ltr'>esse</span> <span class='ocrx_word' id='word_1_118' title='bbox 816 978 893 1016; x_wconf 78' lang='lat' dir='ltr'>est3</span> <span class='ocrx_word' id='word_1_119' title='bbox 923 972 1023 1022; x_wconf 85' lang='lat' dir='ltr'>quod</span> <span class='ocrx_word' id='word_1_120' title='bbox 1042 969 1131 1008; x_wconf 86' lang='lat' dir='ltr'>nul-</span> 
     </span>
     <span class='ocr_line' id='line_1_17' title="bbox 25 1024 1131 1074; baseline 0 -14"><span class='ocrx_word' id='word_1_121' title='bbox 25 1052 54 1072; x_wconf 87' lang='lat'>„</span> <span class='ocrx_word' id='word_1_122' title='bbox 85 1024 112 1062; x_wconf 92' lang='lat' dir='ltr'>li</span> <span class='ocrx_word' id='word_1_123' title='bbox 143 1024 279 1061; x_wconf 79' lang='lat' dir='ltr'>formae</span> <span class='ocrx_word' id='word_1_124' title='bbox 316 1032 452 1061; x_wconf 81' lang='lat' dir='ltr'>creatae</span> <span class='ocrx_word' id='word_1_125' title='bbox 495 1033 708 1073; x_wconf 82' lang='lat' dir='ltr'>competere</span> <span class='ocrx_word' id='word_1_126' title='bbox 738 1031 877 1074; x_wconf 89' lang='lat' dir='ltr'>potest:</span> <span class='ocrx_word' id='word_1_127' title='bbox 926 1037 1001 1061; x_wconf 89' lang='lat' dir='ltr'>non</span> <span class='ocrx_word' id='word_1_128' title='bbox 1045 1036 1131 1074; x_wconf 85' lang='lat' dir='ltr'>ergo</span> 
     </span>
     <span class='ocr_line' id='line_1_18' title="bbox 19 1076 1131 1128; baseline 0.002 -17"><span class='ocrx_word' id='word_1_129' title='bbox 19 1102 49 1125; x_wconf 85' lang='grc'>,,</span> <span class='ocrx_word' id='word_1_130' title='bbox 81 1085 196 1128; x_wconf 85' lang='lat' dir='ltr'>potest</span> <span class='ocrx_word' id='word_1_131' title='bbox 223 1077 356 1127; x_wconf 89' lang='lat' dir='ltr'>aliqua</span> <span class='ocrx_word' id='word_1_132' title='bbox 397 1085 521 1113; x_wconf 81' lang='lat' dir='ltr'>creata</span> <span class='ocrx_word' id='word_1_133' title='bbox 551 1077 675 1114; x_wconf 82' lang='lat' dir='ltr'>forma</span> <span class='ocrx_word' id='word_1_134' title='bbox 717 1086 793 1113; x_wconf 89' lang='lat' dir='ltr'>esse</span> <span class='ocrx_word' id='word_1_135' title='bbox 821 1076 1031 1114; x_wconf 82' lang='lat' dir='ltr'>similitudo</span> <span class='ocrx_word' id='word_1_136' title='bbox 1073 1090 1131 1114; x_wconf 89' lang='lat' dir='ltr'>re-</span> 
     </span>
     <span class='ocr_line' id='line_1_19' title="bbox 19 1128 1130 1181; baseline 0.002 -15"><span class='ocrx_word' id='word_1_137' title='bbox 19 1155 46 1177; x_wconf 83' lang='lat'>„</span> <span class='ocrx_word' id='word_1_138' title='bbox 77 1138 305 1181; x_wconf 76' lang='lat' dir='ltr'>praesentans</span> <span class='ocrx_word' id='word_1_139' title='bbox 333 1128 475 1168; x_wconf 83' lang='lat' dir='ltr'>videnti</span> <span class='ocrx_word' id='word_1_140' title='bbox 504 1128 576 1166; x_wconf 91' lang='lat' dir='ltr'>Dei</span> <span class='ocrx_word' id='word_1_141' title='bbox 609 1130 808 1167; x_wconf 81' lang='lat' dir='ltr'>essentiam</span> <span class='ocrx_word' id='word_1_142' title='bbox 827 1155 836 1166; x_wconf 91' lang='lat'>.</span> <span class='ocrx_word' id='word_1_143' title='bbox 877 1129 1008 1167; x_wconf 89' lang='lat' dir='ltr'>Tertio</span> <span class='ocrx_word' id='word_1_144' title='bbox 1037 1131 1130 1181; x_wconf 83' lang='lat' dir='ltr'>quia</span> 
     </span>
     <span class='ocr_line' id='line_1_20' title="bbox 17 1181 1129 1234; baseline 0 -15"><span class='ocrx_word' id='word_1_145' title='bbox 17 1207 47 1230; x_wconf 84' lang='lat'>,·„</span> <span class='ocrx_word' id='word_1_146' title='bbox 76 1183 208 1219; x_wconf 81' lang='lat' dir='ltr'>divina</span> <span class='ocrx_word' id='word_1_147' title='bbox 247 1183 405 1219; x_wconf 79' lang='lat' dir='ltr'>essentia</span> <span class='ocrx_word' id='word_1_148' title='bbox 434 1190 485 1220; x_wconf 86' lang='lat' dir='ltr'>est</span> <span class='ocrx_word' id='word_1_149' title='bbox 523 1181 679 1233; x_wconf 81' lang='lat' dir='ltr'>aliquod</span> <span class='ocrx_word' id='word_1_150' title='bbox 723 1183 1129 1234; x_wconf 81' lang='lat' dir='ltr'>incircumscriptum,</span> 
     </span>
     <span class='ocr_line' id='line_1_21' title="bbox 20 1235 1130 1288; baseline 0.001 -16"><span class='ocrx_word' id='word_1_151' title='bbox 20 1262 47 1284; x_wconf 82' lang='lat'>,‚</span> <span class='ocrx_word' id='word_1_152' title='bbox 77 1235 272 1272; x_wconf 76' lang='lat' dir='ltr'>continens</span> <span class='ocrx_word' id='word_1_153' title='bbox 301 1235 339 1272; x_wconf 90' lang='lat' dir='ltr'>in</span> <span class='ocrx_word' id='word_1_154' title='bbox 368 1247 406 1272; x_wconf 88' lang='lat' dir='ltr'>se</span> <span class='ocrx_word' id='word_1_155' title='bbox 434 1238 758 1287; x_wconf 77' lang='lat' dir='ltr'>supereminenter</span> <span class='ocrx_word' id='word_1_156' title='bbox 790 1236 980 1288; x_wconf 88' lang='lat' dir='ltr'>quidquid</span> <span class='ocrx_word' id='word_1_157' title='bbox 1011 1245 1130 1287; x_wconf 86' lang='lat' dir='ltr'>potest</span> 
     </span>
     <span class='ocr_line' id='line_1_22' title="bbox 20 1286 1130 1338; baseline 0.002 -15"><span class='ocrx_word' id='word_1_158' title='bbox 20 1314 48 1335; x_wconf 87' lang='lat'>„</span> <span class='ocrx_word' id='word_1_159' title='bbox 77 1286 313 1338; x_wconf 86' lang='lat' dir='ltr'>significari,</span> <span class='ocrx_word' id='word_1_160' title='bbox 335 1287 403 1324; x_wconf 62' lang='lat' dir='ltr'>‘vel</span> <span class='ocrx_word' id='word_1_161' title='bbox 434 1287 599 1338; x_wconf 79' lang='lat' dir='ltr'>intelligi</span> <span class='ocrx_word' id='word_1_162' title='bbox 629 1288 678 1326; x_wconf 89' lang='lat' dir='ltr'>ab</span> <span class='ocrx_word' id='word_1_163' title='bbox 699 1288 894 1327; x_wconf 88' lang='lat' dir='ltr'>intellectu</span> <span class='ocrx_word' id='word_1_164' title='bbox 923 1298 1066 1328; x_wconf 86' lang='lat' dir='ltr'>creato:</span> <span class='ocrx_word' id='word_1_165' title='bbox 1097 1289 1130 1325; x_wconf 77' lang='lat'>8:</span> 
     </span>
     <span class='ocr_line' id='line_1_23' title="bbox 22 1339 1130 1395; baseline 0.004 -19"><span class='ocrx_word' id='word_1_166' title='bbox 22 1366 51 1388; x_wconf 85' lang='grc'>,,</span> <span class='ocrx_word' id='word_1_167' title='bbox 81 1339 152 1377; x_wconf 78' lang='lat' dir='ltr'>hoe</span> <span class='ocrx_word' id='word_1_168' title='bbox 181 1339 290 1379; x_wconf 89' lang='lat' dir='ltr'>nullo</span> <span class='ocrx_word' id='word_1_169' title='bbox 318 1341 432 1378; x_wconf 87' lang='lat' dir='ltr'>modo</span> <span class='ocrx_word' id='word_1_170' title='bbox 460 1355 528 1393; x_wconf 87' lang='lat' dir='ltr'>per</span> <span class='ocrx_word' id='word_1_171' title='bbox 546 1342 712 1392; x_wconf 84' lang='lat' dir='ltr'>speciem</span> <span class='ocrx_word' id='word_1_172' title='bbox 733 1351 901 1380; x_wconf 84' lang='lat' dir='ltr'>creatam</span> <span class='ocrx_word' id='word_1_173' title='bbox 923 1355 1130 1395; x_wconf 72' lang='lat' dir='ltr'>repraesen-</span> 
     </span>
     <span class='ocr_line' id='line_1_24' title="bbox 22 1393 1131 1446; baseline 0.003 -17"><span class='ocrx_word' id='word_1_174' title='bbox 22 1419 49 1440; x_wconf 85' lang='lat'><strong><em>„</em></strong></span> <span class='ocrx_word' id='word_1_175' title='bbox 78 1393 149 1430; x_wconf 84' lang='lat' dir='ltr'>tari</span> <span class='ocrx_word' id='word_1_176' title='bbox 180 1401 324 1445; x_wconf 85' lang='lat' dir='ltr'>potest,</span> <span class='ocrx_word' id='word_1_177' title='bbox 353 1395 446 1446; x_wconf 84' lang='lat' dir='ltr'>quia</span> <span class='ocrx_word' id='word_1_178' title='bbox 473 1396 598 1432; x_wconf 78' lang='grc'><strong>01111113</strong></span> <span class='ocrx_word' id='word_1_179' title='bbox 626 1404 751 1433; x_wconf 89' lang='lat' dir='ltr'>creata</span> <span class='ocrx_word' id='word_1_180' title='bbox 780 1396 902 1432; x_wconf 87' lang='lat' dir='ltr'>forma</span> <span class='ocrx_word' id='word_1_181' title='bbox 930 1405 983 1433; x_wconf 88' lang='lat' dir='ltr'>est</span> <span class='ocrx_word' id='word_1_182' title='bbox 1011 1396 1131 1434; x_wconf 84' lang='lat' dir='ltr'>deter-</span> 
     </span>
     <span class='ocr_line' id='line_1_25' title="bbox 21 1446 1131 1500; baseline 0.002 -17"><span class='ocrx_word' id='word_1_183' title='bbox 21 1473 47 1494; x_wconf 84' lang='lat'><strong>„</strong></span> <span class='ocrx_word' id='word_1_184' title='bbox 79 1446 220 1484; x_wconf 86' lang='lat' dir='ltr'>minata</span> <span class='ocrx_word' id='word_1_185' title='bbox 249 1448 458 1484; x_wconf 85' lang='lat' dir='ltr'>secundnm</span> <span class='ocrx_word' id='word_1_186' title='bbox 485 1447 658 1500; x_wconf 76' lang='lat' dir='ltr'>aliquam</span> <span class='ocrx_word' id='word_1_187' title='bbox 686 1450 872 1487; x_wconf 71' lang='lat' dir='ltr'>rationem</span> <span class='ocrx_word' id='word_1_188' title='bbox 894 1447 953 1485; x_wconf 91' lang='lat' dir='ltr'>vel</span> <span class='ocrx_word' id='word_1_189' title='bbox 983 1451 1131 1499; x_wconf 82' lang='lat' dir='ltr'>sapien·</span> 
     </span>
     <span class='ocr_line' id='line_1_26' title="bbox 20 1498 1131 1552; baseline 0.003 -17"><span class='ocrx_word' id='word_1_190' title='bbox 20 1524 48 1546; x_wconf 81' lang='grc'>,,</span> <span class='ocrx_word' id='word_1_191' title='bbox 78 1500 168 1545; x_wconf 81' lang='lat' dir='ltr'>tiae,</span> <span class='ocrx_word' id='word_1_192' title='bbox 198 1498 257 1536; x_wconf 85' lang='lat' dir='ltr'>vel</span> <span class='ocrx_word' id='word_1_193' title='bbox 288 1501 460 1548; x_wconf 85' lang='lat' dir='ltr'>virtutis,</span> <span class='ocrx_word' id='word_1_194' title='bbox 480 1500 549 1538; x_wconf 69' lang='lat' dir='ltr'>‘vel</span> <span class='ocrx_word' id='word_1_195' title='bbox 580 1502 698 1552; x_wconf 88' lang='lat' dir='ltr'>ipsius</span> <span class='ocrx_word' id='word_1_196' title='bbox 727 1515 831 1549; x_wconf 89' lang='lat' dir='ltr'>esse,</span> <span class='ocrx_word' id='word_1_197' title='bbox 874 1499 934 1538; x_wconf 84' lang='lat' dir='ltr'>vel</span> <span class='ocrx_word' id='word_1_198' title='bbox 965 1500 1131 1551; x_wconf 77' lang='lat' dir='ltr'>alicujus</span> 
     </span>
     <span class='ocr_line' id='line_1_27' title="bbox 22 1551 1131 1604; baseline 0.001 -16"><span class='ocrx_word' id='word_1_199' title='bbox 22 1578 50 1599; x_wconf 86' lang='lat'><strong>„</strong></span> <span class='ocrx_word' id='word_1_200' title='bbox 80 1551 324 1602; x_wconf 77' lang='lat' dir='ltr'>hujusmodi:</span> <span class='ocrx_word' id='word_1_201' title='bbox 354 1554 453 1591; x_wconf 88' lang='lat' dir='ltr'>unde</span> <span class='ocrx_word' id='word_1_202' title='bbox 482 1554 608 1591; x_wconf 84' lang='lat' dir='ltr'>dicere</span> <span class='ocrx_word' id='word_1_203' title='bbox 626 1584 637 1600; x_wconf 86' lang='lat'>,</span> <span class='ocrx_word' id='word_1_204' title='bbox 668 1553 794 1591; x_wconf 89' lang='lat' dir='ltr'>Deum</span> <span class='ocrx_word' id='word_1_205' title='bbox 816 1566 882 1604; x_wconf 82' lang='lat' dir='ltr'>per</span> <span class='ocrx_word' id='word_1_206' title='bbox 910 1552 1131 1589; x_wconf 65' lang='lat' dir='ltr'>similitudi-2</span> 
     </span>
     <span class='ocr_line' id='line_1_28' title="bbox 21 1605 1132 1653; baseline 0.001 -12"><span class='ocrx_word' id='word_1_207' title='bbox 21 1630 50 1652; x_wconf 83' lang='lat'><strong>„</strong></span> <span class='ocrx_word' id='word_1_208' title='bbox 78 1618 167 1642; x_wconf 84' lang='grc'><strong>116111</strong></span> <span class='ocrx_word' id='word_1_209' title='bbox 199 1607 349 1653; x_wconf 84' lang='lat' dir='ltr'>videri,</span> <span class='ocrx_word' id='word_1_210' title='bbox 382 1613 446 1643; x_wconf 56' lang='lat' dir='ltr'>‘est</span> <span class='ocrx_word' id='word_1_211' title='bbox 473 1605 600 1643; x_wconf 86' lang='lat' dir='ltr'>dicere</span> <span class='ocrx_word' id='word_1_212' title='bbox 627 1605 802 1644; x_wconf 85' lang='lat' dir='ltr'>divinam</span> <span class='ocrx_word' id='word_1_213' title='bbox 831 1605 1029 1644; x_wconf 77' lang='lat' dir='ltr'>essentiam</span> <span class='ocrx_word' id='word_1_214' title='bbox 1058 1617 1132 1646; x_wconf 85' lang='lat' dir='ltr'>non</span> 
     </span>
     <span class='ocr_line' id='line_1_29' title="bbox 20 1657 330 1704; baseline -0.003 -9"><span class='ocrx_word' id='word_1_215' title='bbox 20 1681 52 1704; x_wconf 55' lang='lat'>3,</span> <span class='ocrx_word' id='word_1_216' title='bbox 82 1657 231 1695; x_wconf 82' lang='lat' dir='ltr'>videri.</span> <span class='ocrx_word' id='word_1_217' title='bbox 260 1658 330 1683; x_wconf 45' lang='grc' dir='ltr'>’ζ’</span> 
     </span>
    </p>

    <p class='ocr_par' dir='ltr' id='par_1_4' title="bbox 83 1705 1134 1761">
     <span class='ocr_line' id='line_1_30' title="bbox 83 1705 1134 1761; baseline -0.002 -15"><span class='ocrx_word' id='word_1_218' title='bbox 83 1720 168 1761; x_wconf 79' lang='grc'><strong>119.</strong></span> <span class='ocrx_word' id='word_1_219' title='bbox 198 1708 283 1747; x_wconf 82' lang='lat' dir='ltr'>Non</span> <span class='ocrx_word' id='word_1_220' title='bbox 305 1705 407 1748; x_wconf 72' lang='lat' dir='ltr'>‘adeo</span> <span class='ocrx_word' id='word_1_221' title='bbox 434 1707 544 1747; x_wconf 81' lang='lat' dir='ltr'>facili</span> <span class='ocrx_word' id='word_1_222' title='bbox 585 1711 736 1760; x_wconf 83' lang='lat' dir='ltr'>negotio</span> <span class='ocrx_word' id='word_1_223' title='bbox 757 1707 980 1760; x_wconf 72' lang='lat' dir='ltr'>‘responderi</span> <span class='ocrx_word' id='word_1_224' title='bbox 1010 1715 1134 1757; x_wconf 75' lang='lat' dir='ltr'>vpotest</span> 
     </span>
    </p>

    <p class='ocr_par' dir='ltr' id='par_1_5' title="bbox 20 1759 1135 2712">
     <span class='ocr_line' id='line_1_31' title="bbox 23 1759 1133 1812; baseline -0.002 -14"><span class='ocrx_word' id='word_1_225' title='bbox 23 1761 71 1798; x_wconf 85' lang='lat' dir='ltr'>de</span> <span class='ocrx_word' id='word_1_226' title='bbox 99 1763 223 1812; x_wconf 85' lang='lat' dir='ltr'>specie</span> <span class='ocrx_word' id='word_1_227' title='bbox 252 1772 445 1810; x_wconf 80' lang='lat' dir='ltr'>expressa</span> <span class='ocrx_word' id='word_1_228' title='bbox 462 1790 473 1808; x_wconf 86' lang='lat'>,</span> <span class='ocrx_word' id='word_1_229' title='bbox 502 1773 590 1811; x_wconf 84' lang='lat' dir='ltr'>quae</span> <span class='ocrx_word' id='word_1_230' title='bbox 620 1761 668 1798; x_wconf 87' lang='lat' dir='ltr'>ad</span> <span class='ocrx_word' id='word_1_231' title='bbox 697 1769 866 1798; x_wconf 84' lang='lat' dir='ltr'>mentem</span> <span class='ocrx_word' id='word_1_232' title='bbox 894 1760 1011 1797; x_wconf 82' lang='lat' dir='ltr'>nostri</span> <span class='ocrx_word' id='word_1_233' title='bbox 1034 1759 1133 1796; x_wconf 82' lang='lat' dir='ltr'>Prae-</span> 
     </span>
     <span class='ocr_line' id='line_1_32' title="bbox 21 1811 1132 1864; baseline 0 -14"><span class='ocrx_word' id='word_1_234' title='bbox 21 1815 181 1864; x_wconf 85' lang='lat' dir='ltr'>ceptoris</span> <span class='ocrx_word' id='word_1_235' title='bbox 210 1813 444 1850; x_wconf 86' lang='lat' dir='ltr'>admittenda</span> <span class='ocrx_word' id='word_1_236' title='bbox 474 1813 644 1850; x_wconf 88' lang='lat' dir='ltr'>videtur.</span> <span class='ocrx_word' id='word_1_237' title='bbox 673 1812 773 1850; x_wconf 88' lang='lat' dir='ltr'>Nam</span> <span class='ocrx_word' id='word_1_238' title='bbox 795 1813 826 1849; x_wconf 86' lang='lat' dir='ltr'>J.</span> <span class='ocrx_word' id='word_1_239' title='bbox 846 1811 888 1850; x_wconf 88' lang='lat' dir='ltr'>P.</span> <span class='ocrx_word' id='word_1_240' title='bbox 909 1820 1044 1863; x_wconf 81' lang='lat' dir='ltr'>qnaest.</span> <span class='ocrx_word' id='word_1_241' title='bbox 1068 1825 1132 1863; x_wconf 86' lang='grc'>27.</span> 
     </span>
     <span class='ocr_line' id='line_1_33' title="bbox 21 1863 1132 1917; baseline -0.001 -14"><span class='ocrx_word' id='word_1_242' title='bbox 21 1874 93 1904; x_wconf 76' lang='lat' dir='ltr'>art.</span> <span class='ocrx_word' id='word_1_243' title='bbox 130 1878 163 1903; x_wconf 88' lang='lat'>1.</span> <span class='ocrx_word' id='word_1_244' title='bbox 210 1864 280 1902; x_wconf 86' lang='lat' dir='ltr'>hoc</span> <span class='ocrx_word' id='word_1_245' title='bbox 322 1865 448 1903; x_wconf 83' lang='lat' dir='ltr'>statuit</span> <span class='ocrx_word' id='word_1_246' title='bbox 489 1864 609 1903; x_wconf 87' lang='lat' dir='ltr'>veluti</span> <span class='ocrx_word' id='word_1_247' title='bbox 649 1863 824 1916; x_wconf 87' lang='lat' dir='ltr'>generale</span> <span class='ocrx_word' id='word_1_248' title='bbox 866 1866 1132 1917; x_wconf 81' lang='lat' dir='ltr'>principium:</span> 
     </span>
     <span class='ocr_line' id='line_1_34' title="bbox 22 1917 1132 1970; baseline 0.001 -15"><span class='ocrx_word' id='word_1_249' title='bbox 22 1947 53 1967; x_wconf 53' lang='lat'>5,</span> <span class='ocrx_word' id='word_1_250' title='bbox 83 1919 320 1970; x_wconf 83' lang='lat' dir='ltr'>quicumque</span> <span class='ocrx_word' id='word_1_251' title='bbox 348 1917 554 1969; x_wconf 83' lang='lat' dir='ltr'>intelligit,</span> <span class='ocrx_word' id='word_1_252' title='bbox 575 1929 629 1956; x_wconf 52' lang='lat' dir='ltr'>*ex</span> <span class='ocrx_word' id='word_1_253' title='bbox 657 1918 728 1956; x_wconf 88' lang='lat' dir='ltr'>hoc</span> <span class='ocrx_word' id='word_1_254' title='bbox 757 1919 841 1970; x_wconf 86' lang='lat' dir='ltr'>ipso</span> <span class='ocrx_word' id='word_1_255' title='bbox 860 1918 962 1970; x_wconf 90' lang='lat' dir='ltr'>quod</span> <span class='ocrx_word' id='word_1_256' title='bbox 991 1917 1132 1956; x_wconf 89' lang='lat' dir='ltr'>intelli-</span> 
     </span>
     <span class='ocr_line' id='line_1_35' title="bbox 25 1969 1132 2024; baseline 0 -15"><span class='ocrx_word' id='word_1_257' title='bbox 25 2000 54 2020; x_wconf 87' lang='lat'>„</span> <span class='ocrx_word' id='word_1_258' title='bbox 82 1973 157 2023; x_wconf 85' lang='lat' dir='ltr'>git,</span> <span class='ocrx_word' id='word_1_259' title='bbox 186 1972 356 2024; x_wconf 82' lang='lat' dir='ltr'>procedit</span> <span class='ocrx_word' id='word_1_260' title='bbox 375 1969 524 2023; x_wconf 83' lang='lat' dir='ltr'>aliquid</span> <span class='ocrx_word' id='word_1_261' title='bbox 545 1971 644 2010; x_wconf 85' lang='lat' dir='ltr'>intra</span> <span class='ocrx_word' id='word_1_262' title='bbox 662 1972 791 2024; x_wconf 85' lang='lat' dir='ltr'>ipsum</span> <span class='ocrx_word' id='word_1_263' title='bbox 808 1999 818 2019; x_wconf 88' lang='lat'>,</span> <span class='ocrx_word' id='word_1_264' title='bbox 848 1971 950 2023; x_wconf 87' lang='lat' dir='ltr'>quod</span> <span class='ocrx_word' id='word_1_265' title='bbox 971 1980 1023 2009; x_wconf 89' lang='lat' dir='ltr'>est</span> <span class='ocrx_word' id='word_1_266' title='bbox 1044 1984 1132 2010; x_wconf 76' lang='lat' dir='ltr'>con-</span> 
     </span>
     <span class='ocr_line' id='line_1_36' title="bbox 22 2023 1133 2077; baseline 0 -15"><span class='ocrx_word' id='word_1_267' title='bbox 22 2053 51 2073; x_wconf 84' lang='lat'>„</span> <span class='ocrx_word' id='word_1_268' title='bbox 79 2027 205 2076; x_wconf 86' lang='lat' dir='ltr'>ceptio</span> <span class='ocrx_word' id='word_1_269' title='bbox 246 2026 301 2063; x_wconf 90' lang='lat' dir='ltr'>rei</span> <span class='ocrx_word' id='word_1_270' title='bbox 332 2023 537 2063; x_wconf 69' lang='lat' dir='ltr'>intellectae</span> <span class='ocrx_word' id='word_1_271' title='bbox 567 2038 612 2062; x_wconf 86' lang='lat' dir='ltr'>ex</span> <span class='ocrx_word' id='word_1_272' title='bbox 641 2025 680 2062; x_wconf 90' lang='lat' dir='ltr'>vi</span> <span class='ocrx_word' id='word_1_273' title='bbox 723 2024 956 2062; x_wconf 87' lang='lat' dir='ltr'>intellectiva</span> <span class='ocrx_word' id='word_1_274' title='bbox 999 2038 1133 2077; x_wconf 86' lang='lat' dir='ltr'>prove-</span> 
     </span>
     <span class='ocr_line' id='line_1_37' title="bbox 23 2076 1134 2130; baseline 0.001 -15"><span class='ocrx_word' id='word_1_275' title='bbox 23 2105 53 2126; x_wconf 77' lang='lat'><strong>„</strong></span> <span class='ocrx_word' id='word_1_276' title='bbox 83 2079 212 2127; x_wconf 81' lang='lat' dir='ltr'>niens,</span> <span class='ocrx_word' id='word_1_277' title='bbox 242 2077 276 2114; x_wconf 72' lang='lat'>8&lt;</span> <span class='ocrx_word' id='word_1_278' title='bbox 304 2090 349 2116; x_wconf 82' lang='lat' dir='ltr'>ex</span> <span class='ocrx_word' id='word_1_279' title='bbox 379 2076 462 2129; x_wconf 85' lang='lat' dir='ltr'>ejus</span> <span class='ocrx_word' id='word_1_280' title='bbox 481 2078 613 2116; x_wconf 87' lang='lat' dir='ltr'>notitia</span> <span class='ocrx_word' id='word_1_281' title='bbox 632 2078 865 2129; x_wconf 83' lang='lat' dir='ltr'>procedens.</span> <span class='ocrx_word' id='word_1_282' title='bbox 895 2077 1024 2125; x_wconf 83' lang='lat' dir='ltr'>Quam</span> <span class='ocrx_word' id='word_1_283' title='bbox 1044 2079 1134 2130; x_wconf 89' lang='lat' dir='ltr'>qui-</span> 
     </span>
     <span class='ocr_line' id='line_1_38' title="bbox 22 2131 1134 2184; baseline 0 -15"><span class='ocrx_word' id='word_1_284' title='bbox 22 2158 51 2179; x_wconf 81' lang='lat'>„</span> <span class='ocrx_word' id='word_1_285' title='bbox 79 2131 166 2169; x_wconf 84' lang='lat' dir='ltr'>dem</span> <span class='ocrx_word' id='word_1_286' title='bbox 184 2132 572 2184; x_wconf 75' lang='lat' dir='ltr'>‘conceptionemvox</span> <span class='ocrx_word' id='word_1_287' title='bbox 592 2131 777 2183; x_wconf 83' lang='lat' dir='ltr'>significat</span> <span class='ocrx_word' id='word_1_288' title='bbox 792 2159 804 2180; x_wconf 87' lang='lat'>,</span> <span class='ocrx_word' id='word_1_289' title='bbox 833 2131 868 2168; x_wconf 77' lang='lat' dir='ltr'>8t</span> <span class='ocrx_word' id='word_1_290' title='bbox 887 2131 1028 2170; x_wconf 83' lang='lat' dir='ltr'>dicitur</span> <span class='ocrx_word' id='word_1_291' title='bbox 1048 2144 1134 2170; x_wconf 83' lang='lat' dir='ltr'>ver-</span> 
     </span>
     <span class='ocr_line' id='line_1_39' title="bbox 22 2184 646 2234; baseline 0.002 -12"><span class='ocrx_word' id='word_1_292' title='bbox 22 2210 52 2232; x_wconf 66' lang='lat'>2,</span> <span class='ocrx_word' id='word_1_293' title='bbox 80 2184 174 2223; x_wconf 84' lang='lat' dir='ltr'>bum</span> <span class='ocrx_word' id='word_1_294' title='bbox 200 2185 352 2223; x_wconf 47' lang='lat' dir='ltr'>&#39;cordisae</span> <span class='ocrx_word' id='word_1_295' title='bbox 381 2184 403 2200; x_wconf 83' lang='lat'>&#39;²</span> <span class='ocrx_word' id='word_1_296' title='bbox 642 2232 646 2234; x_wconf 24' lang='lat'><em>‘</em></span> 
     </span>
     <span class='ocr_line' id='line_1_40' title="bbox 34 2232 1134 2287; baseline -0.001 -10"><span class='ocrx_word' id='word_1_297' title='bbox 34 2276 37 2277; x_wconf 13' lang='grc' dir='ltr'><em>γ</em></span> <span class='ocrx_word' id='word_1_298' title='bbox 82 2250 171 2275; x_wconf 90' lang='grc'><strong>120.</strong></span> <span class='ocrx_word' id='word_1_299' title='bbox 199 2236 284 2275; x_wconf 81' lang='lat' dir='ltr'>Non</span> <span class='ocrx_word' id='word_1_300' title='bbox 310 2237 442 2276; x_wconf 77' lang='lat' dir='ltr'>desunt</span> <span class='ocrx_word' id='word_1_301' title='bbox 468 2245 598 2278; x_wconf 87' lang='lat' dir='ltr'>tamen</span> <span class='ocrx_word' id='word_1_302' title='bbox 626 2232 723 2287; x_wconf 86' lang='lat' dir='ltr'>alii,</span> <span class='ocrx_word' id='word_1_303' title='bbox 746 2236 867 2277; x_wconf 59' lang='lat' dir='ltr'>‘etiam</span> <span class='ocrx_word' id='word_1_304' title='bbox 896 2251 941 2276; x_wconf 84' lang='lat' dir='ltr'>ex</span> <span class='ocrx_word' id='word_1_305' title='bbox 972 2234 1134 2277; x_wconf 57' lang='lat' dir='ltr'>&#39;Thomi⁴⁵</span> 
     </span>
     <span class='ocr_line' id='line_1_41' title="bbox 21 2289 1133 2343; baseline 0.003 -17"><span class='ocrx_word' id='word_1_306' title='bbox 21 2289 113 2337; x_wconf 79' lang='lat' dir='ltr'>stis,</span> <span class='ocrx_word' id='word_1_307' title='bbox 155 2292 223 2342; x_wconf 88' lang='lat' dir='ltr'>qui</span> <span class='ocrx_word' id='word_1_308' title='bbox 254 2289 400 2328; x_wconf 89' lang='lat' dir='ltr'>nullam</span> <span class='ocrx_word' id='word_1_309' title='bbox 435 2294 604 2343; x_wconf 88' lang='lat' dir='ltr'>speciem</span> <span class='ocrx_word' id='word_1_310' title='bbox 644 2305 882 2343; x_wconf 75' lang='lat' dir='ltr'>expressam</span> <span class='ocrx_word' id='word_1_311' title='bbox 911 2292 952 2330; x_wconf 91' lang='lat' dir='ltr'>in</span> <span class='ocrx_word' id='word_1_312' title='bbox 987 2293 1133 2331; x_wconf 84' lang='lat' dir='ltr'>visione</span> 
     </span>
     <span class='ocr_line' id='line_1_42' title="bbox 23 2341 1134 2398; baseline 0.003 -18"><span class='ocrx_word' id='word_1_313' title='bbox 23 2341 98 2380; x_wconf 90' lang='lat' dir='ltr'>Dei</span> <span class='ocrx_word' id='word_1_314' title='bbox 128 2342 306 2380; x_wconf 87' lang='lat' dir='ltr'>beatifica</span> <span class='ocrx_word' id='word_1_315' title='bbox 334 2344 494 2394; x_wconf 84' lang='lat' dir='ltr'>produci</span> <span class='ocrx_word' id='word_1_316' title='bbox 525 2354 678 2396; x_wconf 86' lang='lat' dir='ltr'>putant:</span> <span class='ocrx_word' id='word_1_317' title='bbox 707 2346 898 2398; x_wconf 89' lang='lat' dir='ltr'>quomodo</span> <span class='ocrx_word' id='word_1_318' title='bbox 917 2347 1044 2393; x_wconf 88' lang='lat' dir='ltr'>enim,</span> <span class='ocrx_word' id='word_1_319' title='bbox 1074 2346 1134 2383; x_wconf 90' lang='lat' dir='ltr'>in-</span> 
     </span>
     <span class='ocr_line' id='line_1_43' title="bbox 23 2395 1133 2450; baseline 0.004 -18"><span class='ocrx_word' id='word_1_320' title='bbox 23 2396 191 2446; x_wconf 89' lang='lat' dir='ltr'>quiunt,</span> <span class='ocrx_word' id='word_1_321' title='bbox 220 2395 551 2448; x_wconf 84' lang='lat' dir='ltr'>incircumscripta</span> <span class='ocrx_word' id='word_1_322' title='bbox 579 2399 710 2438; x_wconf 86' lang='lat' dir='ltr'>divina</span> <span class='ocrx_word' id='word_1_323' title='bbox 729 2401 886 2438; x_wconf 82' lang='lat' dir='ltr'>essentia</span> <span class='ocrx_word' id='word_1_324' title='bbox 907 2413 974 2450; x_wconf 91' lang='lat' dir='ltr'>per</span> <span class='ocrx_word' id='word_1_325' title='bbox 1003 2406 1133 2437; x_wconf 87' lang='lat' dir='ltr'>actum</span> 
     </span>
     <span class='ocr_line' id='line_1_44' title="bbox 20 2447 1133 2504; baseline 0.004 -19"><span class='ocrx_word' id='word_1_326' title='bbox 20 2447 237 2486; x_wconf 87' lang='lat' dir='ltr'>intellectus</span> <span class='ocrx_word' id='word_1_327' title='bbox 265 2449 383 2486; x_wconf 85' lang='lat' dir='ltr'>creati</span> <span class='ocrx_word' id='word_1_328' title='bbox 406 2450 576 2500; x_wconf 82' lang='lat' dir='ltr'>exprimi</span> <span class='ocrx_word' id='word_1_329' title='bbox 605 2451 763 2503; x_wconf 71' lang='lat' dir='ltr'>poterit?</span> <span class='ocrx_word' id='word_1_330' title='bbox 792 2452 936 2491; x_wconf 87' lang='lat' dir='ltr'>Eadem</span> <span class='ocrx_word' id='word_1_331' title='bbox 959 2464 1053 2504; x_wconf 75' lang='lat' dir='ltr'>‘ergo</span> <span class='ocrx_word' id='word_1_332' title='bbox 1073 2465 1133 2490; x_wconf 87' lang='lat' dir='ltr'>ra·</span> 
     </span>
     <span class='ocr_line' id='line_1_45' title="bbox 22 2500 1132 2557; baseline 0.005 -19"><span class='ocrx_word' id='word_1_333' title='bbox 22 2501 125 2539; x_wconf 73' lang='lat' dir='ltr'>tione</span> <span class='ocrx_word' id='word_1_334' title='bbox 152 2500 432 2553; x_wconf 86' lang='lat' dir='ltr'>impossibilem</span> <span class='ocrx_word' id='word_1_335' title='bbox 457 2514 535 2539; x_wconf 87' lang='lat' dir='ltr'>esse</span> <span class='ocrx_word' id='word_1_336' title='bbox 553 2502 686 2541; x_wconf 86' lang='lat' dir='ltr'>dicunt</span> <span class='ocrx_word' id='word_1_337' title='bbox 703 2506 868 2555; x_wconf 86' lang='lat' dir='ltr'>speciem</span> <span class='ocrx_word' id='word_1_338' title='bbox 883 2517 1104 2557; x_wconf 66' lang='lat' dir='ltr'>‘expressam</span> <span class='ocrx_word' id='word_1_339' title='bbox 1120 2533 1132 2554; x_wconf 87' lang='lat'>,</span> 
     </span>
     <span class='ocr_line' id='line_1_46' title="bbox 23 2553 1133 2608; baseline 0.005 -18"><span class='ocrx_word' id='word_1_340' title='bbox 23 2567 102 2605; x_wconf 84' lang='lat' dir='ltr'>qua</span> <span class='ocrx_word' id='word_1_341' title='bbox 130 2553 410 2606; x_wconf 87' lang='lat' dir='ltr'>impossibilem</span> <span class='ocrx_word' id='word_1_342' title='bbox 428 2566 515 2591; x_wconf 65' lang='lat' dir='ltr'>‘esse</span> <span class='ocrx_word' id='word_1_343' title='bbox 534 2556 768 2594; x_wconf 86' lang='lat' dir='ltr'>ostendimus</span> <span class='ocrx_word' id='word_1_344' title='bbox 785 2559 951 2608; x_wconf 86' lang='lat' dir='ltr'>speciem</span> <span class='ocrx_word' id='word_1_345' title='bbox 964 2559 1133 2608; x_wconf 81' lang='lat' dir='ltr'>impres-</span> 
     </span>
     <span class='ocr_line' id='line_1_47' title="bbox 24 2606 1135 2661; baseline 0.004 -17"><span class='ocrx_word' id='word_1_346' title='bbox 24 2619 108 2644; x_wconf 80' lang='lat' dir='ltr'>sam</span> <span class='ocrx_word' id='word_1_347' title='bbox 125 2632 135 2644; x_wconf 93' lang='lat'>.</span> <span class='ocrx_word' id='word_1_348' title='bbox 164 2606 240 2644; x_wconf 85' lang='lat' dir='ltr'>Sed</span> <span class='ocrx_word' id='word_1_349' title='bbox 269 2606 354 2645; x_wconf 82' lang='lat' dir='ltr'>haec</span> <span class='ocrx_word' id='word_1_350' title='bbox 383 2622 405 2645; x_wconf 88' lang='lat' dir='ltr'>a</span> <span class='ocrx_word' id='word_1_351' title='bbox 432 2606 695 2656; x_wconf 81' lang='lat' dir='ltr'>Scholasticis,</span> <span class='ocrx_word' id='word_1_352' title='bbox 724 2610 793 2661; x_wconf 88' lang='lat' dir='ltr'>qui</span> <span class='ocrx_word' id='word_1_353' title='bbox 822 2610 955 2647; x_wconf 81' lang='lat' dir='ltr'>fusiori</span> <span class='ocrx_word' id='word_1_354' title='bbox 983 2610 1135 2648; x_wconf 87' lang='lat' dir='ltr'>calamo</span> 
     </span>
     <span class='ocr_line' id='line_1_48' title="bbox 24 2658 935 2712; baseline 0.004 -16"><span class='ocrx_word' id='word_1_355' title='bbox 24 2671 70 2697; x_wconf 85' lang='lat' dir='ltr'>ea</span> <span class='ocrx_word' id='word_1_356' title='bbox 97 2660 277 2711; x_wconf 88' lang='lat' dir='ltr'>persequi</span> <span class='ocrx_word' id='word_1_357' title='bbox 305 2658 454 2708; x_wconf 85' lang='lat' dir='ltr'>solent,</span> <span class='ocrx_word' id='word_1_358' title='bbox 483 2663 712 2712; x_wconf 79' lang='lat' dir='ltr'>quaeritote‚</span> <span class='ocrx_word' id='word_1_359' title='bbox 741 2663 773 2699; x_wconf 87' lang='lat' dir='ltr'>si</span> <span class='ocrx_word' id='word_1_360' title='bbox 800 2661 935 2700; x_wconf 88' lang='lat' dir='ltr'>lubet.</span> 
     </span>
    </p>

    <p class='ocr_par' dir='ltr' id='par_1_6' title="bbox 83 2712 1136 2766">
     <span class='ocr_line' id='line_1_49' title="bbox 83 2712 1136 2766; baseline 0.004 -16"><span class='ocrx_word' id='word_1_361' title='bbox 83 2725 173 2750; x_wconf 82' lang='lat'>121.</span> <span class='ocrx_word' id='word_1_362' title='bbox 204 2713 362 2760; x_wconf 85' lang='lat' dir='ltr'>Quaeres</span> <span class='ocrx_word' id='word_1_363' title='bbox 377 2721 535 2763; x_wconf 82' lang='lat' dir='ltr'>quarto,</span> <span class='ocrx_word' id='word_1_364' title='bbox 565 2715 776 2766; x_wconf 85' lang='lat' dir='ltr'>quidBeati</span> <span class='ocrx_word' id='word_1_365' title='bbox 805 2712 1013 2754; x_wconf 79' lang='lat' dir='ltr'>videa-nt&#39;in</span> <span class='ocrx_word' id='word_1_366' title='bbox 1029 2713 1136 2755; x_wconf 77' lang='lat' dir='ltr'>Deo?</span> 
     </span>
    </p>

    <p class='ocr_par' dir='ltr' id='par_1_7' title="bbox 26 2765 1136 3020">
     <span class='ocr_line' id='line_1_50' title="bbox 84 2765 1136 2820; baseline 0.005 -17"><span class='ocrx_word' id='word_1_367' title='bbox 84 2777 174 2803; x_wconf 86' lang='lat'>122.</span> <span class='ocrx_word' id='word_1_368' title='bbox 205 2765 319 2818; x_wconf 89' lang='lat' dir='ltr'>Resp.</span> <span class='ocrx_word' id='word_1_369' title='bbox 347 2768 496 2818; x_wconf 84' lang='lat' dir='ltr'>primo,</span> <span class='ocrx_word' id='word_1_370' title='bbox 539 2779 601 2804; x_wconf 89' lang='lat' dir='ltr'>eos</span> <span class='ocrx_word' id='word_1_371' title='bbox 635 2768 787 2816; x_wconf 87' lang='lat' dir='ltr'>videre,</span> <span class='ocrx_word' id='word_1_372' title='bbox 830 2775 872 2806; x_wconf 85' lang='grc'>111</span> <span class='ocrx_word' id='word_1_373' title='bbox 901 2769 1136 2820; x_wconf 84' lang='lat' dir='ltr'>Augustinus</span> 
     </span>
     <span class='ocr_line' id='line_1_51' title="bbox 26 2818 1133 2874; baseline 0.004 -19"><span class='ocrx_word' id='word_1_374' title='bbox 26 2818 78 2856; x_wconf 82' lang='lat' dir='ltr'>a&#39;it</span> <span class='ocrx_word' id='word_1_375' title='bbox 106 2818 196 2856; x_wconf 88' lang='lat' dir='ltr'>Lib.</span> <span class='ocrx_word' id='word_1_376' title='bbox 224 2819 297 2857; x_wconf 93' lang='lat' dir='ltr'>Xl.</span> <span class='ocrx_word' id='word_1_377' title='bbox 339 2818 388 2858; x_wconf 81' lang='lat' dir='ltr'>de</span> <span class='ocrx_word' id='word_1_378' title='bbox 425 2822 527 2857; x_wconf 70' lang='lat' dir='ltr'>cic-it.</span> <span class='ocrx_word' id='word_1_379' title='bbox 555 2818 635 2857; x_wconf 79' lang='lat' dir='ltr'>Dei</span> <span class='ocrx_word' id='word_1_380' title='bbox 670 2833 756 2873; x_wconf 90' lang='lat' dir='ltr'>cap.</span> <span class='ocrx_word' id='word_1_381' title='bbox 786 2832 850 2874; x_wconf 81' lang='grc'>19.</span> <span class='ocrx_word' id='word_1_382' title='bbox 873 2850 884 2870; x_wconf 90' lang='grc'><strong>,</strong></span> <span class='ocrx_word' id='word_1_383' title='bbox 929 2819 1100 2860; x_wconf 82' lang='lat' dir='ltr'>Verbum</span> <span class='ocrx_word' id='word_1_384' title='bbox 1122 2851 1133 2872; x_wconf 88' lang='grc'><strong>,</strong></span> 
     </span>
     <span class='ocr_line' id='line_1_52' title="bbox 29 2866 1136 2929; baseline 0.006 -23"><span class='ocrx_word' id='word_1_385' title='bbox 29 2866 220 2920; x_wconf 84' lang='lat' dir='ltr'>Patrem,</span> <span class='ocrx_word' id='word_1_386' title='bbox 248 2873 298 2913; x_wconf 69' lang='lat'>(9⁶</span> <span class='ocrx_word' id='word_1_387' title='bbox 322 2885 464 2911; x_wconf 73' lang='lat' dir='ltr'>veorum</span> <span class='ocrx_word' id='word_1_388' title='bbox 494 2871 684 2923; x_wconf 83' lang='lat' dir='ltr'>Spiritum</span> <span class='ocrx_word' id='word_1_389' title='bbox 712 2873 934 2923; x_wconf 83' lang='lat' dir='ltr'>Sanctum,</span> <span class='ocrx_word' id='word_1_390' title='bbox 963 2888 1136 2929; x_wconf 80' lang='lat' dir='ltr'>eamque</span> 
     </span>
     <span class='ocr_line' id='line_1_53' title="bbox 30 2924 1136 2980; baseline 0.008 -21"><span class='ocrx_word' id='word_1_391' title='bbox 30 2934 117 2961; x_wconf 81' lang='lat' dir='ltr'>esse</span> <span class='ocrx_word' id='word_1_392' title='bbox 145 2924 454 2976; x_wconf 79' lang='lat' dir='ltr'>inseparabilem</span> <span class='ocrx_word' id='word_1_393' title='bbox 487 2924 724 2964; x_wconf 74' lang='lat' dir='ltr'>Trinitatem</span> <span class='ocrx_word' id='word_1_394' title='bbox 741 2956 752 2975; x_wconf 90' lang='lat'>,</span> <span class='ocrx_word' id='word_1_395' title='bbox 797 2929 1052 2980; x_wconf 78' lang='lat' dir='ltr'>&#39;singulasque</span> <span class='ocrx_word' id='word_1_396' title='bbox 1093 2933 1136 2968; x_wconf 85' lang='lat' dir='ltr'>in</span> 
     </span>
     <span class='ocr_line' id='line_1_54' title="bbox 31 2975 902 3020; baseline 0.007 -6"><span class='ocrx_word' id='word_1_397' title='bbox 31 2986 85 3013; x_wconf 82' lang='lat' dir='ltr'>ea</span> <span class='ocrx_word' id='word_1_398' title='bbox 111 2975 308 3020; x_wconf 80' lang='lat' dir='ltr'>Personas</span> <span class='ocrx_word' id='word_1_399' title='bbox 335 2993 423 3018; x_wconf 80' lang='lat' dir='ltr'>esse</span> <span class='ocrx_word' id='word_1_400' title='bbox 450 2991 580 3017; x_wconf 85' lang='lat' dir='ltr'>unam</span> <span class='ocrx_word' id='word_1_401' title='bbox 607 2978 874 3019; x_wconf 81' lang='lat' dir='ltr'>substantiam</span> <span class='ocrx_word' id='word_1_402' title='bbox 890 3005 902 3020; x_wconf 83' lang='lat'>.</span> 
     </span>
    </p>

    <p class='ocr_par' dir='ltr' id='par_1_8' title="bbox 32 3029 1137 3405">
     <span class='ocr_line' id='line_1_55' title="bbox 90 3029 1136 3087; baseline 0.008 -23"><span class='ocrx_word' id='word_1_403' title='bbox 90 3029 178 3067; x_wconf 80' lang='lat'>123.</span> <span class='ocrx_word' id='word_1_404' title='bbox 205 3031 377 3072; x_wconf 90' lang='lat' dir='ltr'>Secundo</span> <span class='ocrx_word' id='word_1_405' title='bbox 404 3034 445 3071; x_wconf 89' lang='lat' dir='ltr'>in</span> <span class='ocrx_word' id='word_1_406' title='bbox 473 3031 557 3071; x_wconf 85' lang='lat' dir='ltr'>Deo</span> <span class='ocrx_word' id='word_1_407' title='bbox 585 3033 715 3071; x_wconf 85' lang='lat' dir='ltr'>vident</span> <span class='ocrx_word' id='word_1_408' title='bbox 742 3036 863 3073; x_wconf 66' lang='lat' dir='ltr'>&#39;etiam</span> <span class='ocrx_word' id='word_1_409' title='bbox 892 3033 1030 3087; x_wconf 86' lang='lat' dir='ltr'>seipsos</span> <span class='ocrx_word' id='word_1_410' title='bbox 1047 3066 1058 3084; x_wconf 87' lang='lat'>,</span> <span class='ocrx_word' id='word_1_411' title='bbox 1100 3033 1136 3072; x_wconf 83' lang='lat'>&amp;</span> 
     </span>
     <span class='ocr_line' id='line_1_56' title="bbox 32 3077 1137 3139; baseline 0.01 -24"><span class='ocrx_word' id='word_1_412' title='bbox 32 3077 127 3117; x_wconf 87' lang='lat' dir='ltr'>alias</span> <span class='ocrx_word' id='word_1_413' title='bbox 162 3092 378 3134; x_wconf 83' lang='lat' dir='ltr'>creaturas,</span> <span class='ocrx_word' id='word_1_414' title='bbox 425 3087 624 3138; x_wconf 71' lang='lat' dir='ltr'>praecipue</span> <span class='ocrx_word' id='word_1_415' title='bbox 652 3094 778 3124; x_wconf 87' lang='lat' dir='ltr'>autem</span> <span class='ocrx_word' id='word_1_416' title='bbox 820 3100 909 3138; x_wconf 78' lang='lat' dir='ltr'>quoe</span> <span class='ocrx_word' id='word_1_417' title='bbox 949 3088 1004 3125; x_wconf 79' lang='lat' dir='ltr'>acl</span> <span class='ocrx_word' id='word_1_418' title='bbox 1032 3093 1137 3139; x_wconf 81' lang='lat' dir='ltr'>ipsos</span> 
     </span>
     <span class='ocr_line' id='line_1_57' title="bbox 33 3138 1135 3194; baseline 0.011 -26"><span class='ocrx_word' id='word_1_419' title='bbox 33 3140 240 3183; x_wconf 77' lang='lat' dir='ltr'>spectant,</span> <span class='ocrx_word' id='word_1_420' title='bbox 266 3145 308 3174; x_wconf 88' lang='lat' dir='ltr'>ut</span> <span class='ocrx_word' id='word_1_421' title='bbox 330 3140 494 3177; x_wconf 72' lang='lat' dir='ltr'>vostendit</span> <span class='ocrx_word' id='word_1_422' title='bbox 522 3139 564 3177; x_wconf 87' lang='lat' dir='ltr'>S.</span> <span class='ocrx_word' id='word_1_423' title='bbox 585 3138 753 3177; x_wconf 84' lang='lat' dir='ltr'>Thomas</span> <span class='ocrx_word' id='word_1_424' title='bbox 774 3138 812 3178; x_wconf 80' lang='lat'>5.</span> <span class='ocrx_word' id='word_1_425' title='bbox 841 3140 884 3178; x_wconf 90' lang='lat' dir='ltr'>P.</span> <span class='ocrx_word' id='word_1_426' title='bbox 912 3150 1047 3194; x_wconf 82' lang='lat' dir='ltr'>qnaest.</span> <span class='ocrx_word' id='word_1_427' title='bbox 1072 3155 1135 3180; x_wconf 88' lang='lat'>10.</span> 
     </span>
     <span class='ocr_line' id='line_1_58' title="bbox 34 3186 1136 3245; baseline 0.01 -23"><span class='ocrx_word' id='word_1_428' title='bbox 34 3194 107 3222; x_wconf 86' lang='lat' dir='ltr'>art.</span> <span class='ocrx_word' id='word_1_429' title='bbox 139 3199 204 3234; x_wconf 87' lang='lat'>2.‚</span> <span class='ocrx_word' id='word_1_430' title='bbox 250 3186 284 3223; x_wconf 84' lang='lat'>&amp;</span> <span class='ocrx_word' id='word_1_431' title='bbox 310 3191 466 3240; x_wconf 85' lang='lat' dir='ltr'>quidem</span> <span class='ocrx_word' id='word_1_432' title='bbox 498 3201 544 3231; x_wconf 82' lang='lat' dir='ltr'>nt</span> <span class='ocrx_word' id='word_1_433' title='bbox 571 3192 803 3245; x_wconf 85' lang='lat' dir='ltr'>Augustinus</span> <span class='ocrx_word' id='word_1_434' title='bbox 843 3205 933 3232; x_wconf 84' lang='lat' dir='ltr'>mox</span> <span class='ocrx_word' id='word_1_435' title='bbox 958 3193 1136 3234; x_wconf 80' lang='lat' dir='ltr'>laudatus</span> 
     </span>
     <span class='ocr_line' id='line_1_59' title="bbox 33 3237 1136 3301; baseline 0.011 -27"><span class='ocrx_word' id='word_1_436' title='bbox 33 3237 174 3287; x_wconf 84' lang='lat' dir='ltr'>docet,</span> <span class='ocrx_word' id='word_1_437' title='bbox 222 3240 361 3278; x_wconf 75' lang='lat' dir='ltr'>melius</span> <span class='ocrx_word' id='word_1_438' title='bbox 399 3242 476 3293; x_wconf 80' lang='lat' dir='ltr'>ibi,</span> <span class='ocrx_word' id='word_1_439' title='bbox 522 3258 646 3296; x_wconf 85' lang='lat' dir='ltr'>quam</span> <span class='ocrx_word' id='word_1_440' title='bbox 675 3249 717 3283; x_wconf 79' lang='lat' dir='ltr'>in</span> <span class='ocrx_word' id='word_1_441' title='bbox 757 3250 924 3295; x_wconf 78' lang='lat' dir='ltr'>seipsis,·</span> <span class='ocrx_word' id='word_1_442' title='bbox 965 3252 1136 3301; x_wconf 79' lang='lat' dir='ltr'>cognitio</span> 
     </span>
     <span class='ocr_line' id='line_1_60' title="bbox 35 3294 1136 3353; baseline 0.01 -23"><span class='ocrx_word' id='word_1_443' title='bbox 35 3294 174 3341; x_wconf 69' lang='lat' dir='ltr'>quippe</span> <span class='ocrx_word' id='word_1_444' title='bbox 203 3302 400 3332; x_wconf 80' lang='lat' dir='ltr'>creaturae</span> <span class='ocrx_word' id='word_1_445' title='bbox 426 3300 468 3334; x_wconf 80' lang='lat' dir='ltr'>in</span> <span class='ocrx_word' id='word_1_446' title='bbox 494 3302 653 3349; x_wconf 82' lang='lat' dir='ltr'>seipsa,</span> <span class='ocrx_word' id='word_1_447' title='bbox 682 3300 827 3338; x_wconf 81' lang='lat' dir='ltr'>dixerat</span> <span class='ocrx_word' id='word_1_448' title='bbox 853 3300 950 3338; x_wconf 85' lang='lat' dir='ltr'>ibid.</span> <span class='ocrx_word' id='word_1_449' title='bbox 979 3316 1066 3353; x_wconf 86' lang='lat' dir='ltr'>cap.</span> <span class='ocrx_word' id='word_1_450' title='bbox 1098 3316 1136 3353; x_wconf 89' lang='lat'>7.</span> 
     </span>
     <span class='ocr_line' id='line_1_61' title="bbox 38 3340 1137 3405; baseline 0.01 -24"><span class='ocrx_word' id='word_1_451' title='bbox 38 3340 299 3385; x_wconf 73' lang='lat' dir='ltr'>decoloratior</span> <span class='ocrx_word' id='word_1_452' title='bbox 325 3355 411 3397; x_wconf 81' lang='lat' dir='ltr'>est,</span> <span class='ocrx_word' id='word_1_453' title='bbox 451 3357 493 3386; x_wconf 80' lang='lat' dir='ltr'>ut</span> <span class='ocrx_word' id='word_1_454' title='bbox 518 3353 577 3390; x_wconf 78' lang='lat' dir='ltr'>ita</span> <span class='ocrx_word' id='word_1_455' title='bbox 612 3352 774 3403; x_wconf 79' lang='lat' dir='ltr'>dicam,</span> <span class='ocrx_word' id='word_1_456' title='bbox 815 3365 939 3405; x_wconf 86' lang='lat' dir='ltr'>quam</span> <span class='ocrx_word' id='word_1_457' title='bbox 966 3364 1058 3392; x_wconf 85' lang='lat' dir='ltr'>cum</span> <span class='ocrx_word' id='word_1_458' title='bbox 1093 3359 1137 3393; x_wconf 86' lang='lat' dir='ltr'>z&#39;n</span> 
     </span>
    </p>
   </div>
   <div class='ocr_carea' id='block_1_3' title="bbox 2178 162 2237 206">
    <p class='ocr_par' dir='ltr' id='par_1_9' title="bbox 2178 162 2237 206">
     <span class='ocr_line' id='line_1_62' title="bbox 2178 162 2237 206; baseline 0 0"><span class='ocrx_word' id='word_1_459' title='bbox 2178 162 2237 206; x_wconf 70' lang='lat'>53</span> 
     </span>
    </p>
   </div>
   <div class='ocr_carea' id='block_1_4' title="bbox 1191 227 2308 2241">
    <p class='ocr_par' dir='ltr' id='par_1_10' title="bbox 1194 227 2300 490">
     <span class='ocr_line' id='line_1_63' title="bbox 1195 227 2300 290; baseline 0.014 -25"><span class='ocrx_word' id='word_1_460' title='bbox 1195 227 1274 266; x_wconf 82' lang='lat' dir='ltr'>Dei</span> <span class='ocrx_word' id='word_1_461' title='bbox 1301 233 1501 282; x_wconf 75' lang='lat' dir='ltr'>sapientia</span> <span class='ocrx_word' id='word_1_462' title='bbox 1529 228 1801 282; x_wconf 72' lang='lat' dir='ltr'>cognoscitur.</span> <span class='ocrx_word' id='word_1_463' title='bbox 1835 227 1946 271; x_wconf 85' lang='lat' dir='ltr'>Unde</span> <span class='ocrx_word' id='word_1_464' title='bbox 1973 231 2092 275; x_wconf 78' lang='lat' dir='ltr'>etiam</span> <span class='ocrx_word' id='word_1_465' title='bbox 2116 241 2300 290; x_wconf 55' lang='lat' dir='ltr'>cognitio.</span> 
     </span>
     <span class='ocr_line' id='line_1_64' title="bbox 1194 282 2300 338; baseline 0.013 -19"><span class='ocrx_word' id='word_1_466' title='bbox 1194 294 1309 330; x_wconf 80' lang='lat' dir='ltr'>nem,</span> <span class='ocrx_word' id='word_1_467' title='bbox 1338 297 1414 335; x_wconf 83' lang='lat' dir='ltr'>qua</span> <span class='ocrx_word' id='word_1_468' title='bbox 1445 282 1578 334; x_wconf 80' lang='lat' dir='ltr'>Angeli</span> <span class='ocrx_word' id='word_1_469' title='bbox 1608 282 1745 333; x_wconf 84' lang='lat' dir='ltr'>(idem</span> <span class='ocrx_word' id='word_1_470' title='bbox 1774 291 1825 320; x_wconf 86' lang='lat' dir='ltr'>est</span> <span class='ocrx_word' id='word_1_471' title='bbox 1852 284 1897 321; x_wconf 86' lang='lat' dir='ltr'>de</span> <span class='ocrx_word' id='word_1_472' title='bbox 1926 286 2078 338; x_wconf 81' lang='lat' dir='ltr'>Beatis)</span> <span class='ocrx_word' id='word_1_473' title='bbox 2109 301 2300 333; x_wconf 81' lang='lat' dir='ltr'>creaturas</span> 
     </span>
     <span class='ocr_line' id='line_1_65' title="bbox 1196 334 2300 389; baseline 0.011 -17"><span class='ocrx_word' id='word_1_474' title='bbox 1196 336 1237 372; x_wconf 86' lang='lat' dir='ltr'>in</span> <span class='ocrx_word' id='word_1_475' title='bbox 1267 334 1349 372; x_wconf 84' lang='lat' dir='ltr'>Deo</span> <span class='ocrx_word' id='word_1_476' title='bbox 1378 336 1534 383; x_wconf 85' lang='lat' dir='ltr'>vident,</span> <span class='ocrx_word' id='word_1_477' title='bbox 1577 334 1746 387; x_wconf 82' lang='lat' dir='ltr'>appellat</span> <span class='ocrx_word' id='word_1_478' title='bbox 1786 341 2058 389; x_wconf 76' lang='lat' dir='ltr'>matutinam,</span> <span class='ocrx_word' id='word_1_479' title='bbox 2107 344 2166 381; x_wconf 82' lang='lat' dir='ltr'>vel</span> <span class='ocrx_word' id='word_1_480' title='bbox 2195 344 2300 383; x_wconf 70' lang='lat' dir='ltr'>diur-</span> 
     </span>
     <span class='ocr_line' id='line_1_66' title="bbox 1195 388 2299 451; baseline 0.014 -27"><span class='ocrx_word' id='word_1_481' title='bbox 1195 401 1321 431; x_wconf 77' lang='lat' dir='ltr'>nam;</span> <span class='ocrx_word' id='word_1_482' title='bbox 1350 388 1466 426; x_wconf 85' lang='lat' dir='ltr'>aliam</span> <span class='ocrx_word' id='word_1_483' title='bbox 1495 399 1644 436; x_wconf 82' lang='lat' dir='ltr'>autem,</span> <span class='ocrx_word' id='word_1_484' title='bbox 1674 403 1749 442; x_wconf 84' lang='lat' dir='ltr'>qua</span> <span class='ocrx_word' id='word_1_485' title='bbox 1778 390 1926 428; x_wconf 84' lang='lat' dir='ltr'>easdem</span> <span class='ocrx_word' id='word_1_486' title='bbox 1948 393 2071 432; x_wconf 84' lang='lat' dir='ltr'>vident</span> <span class='ocrx_word' id='word_1_487' title='bbox 2086 396 2125 434; x_wconf 87' lang='lat' dir='ltr'>in</span> <span class='ocrx_word' id='word_1_488' title='bbox 2146 400 2299 451; x_wconf 83' lang='lat' dir='ltr'>seipsis,</span> 
     </span>
     <span class='ocr_line' id='line_1_67' title="bbox 1198 442 2287 490; baseline 0.005 -11"><span class='ocrx_word' id='word_1_489' title='bbox 1198 444 1485 490; x_wconf 65' lang='lat' dir='ltr'>vespertinam,</span> <span class='ocrx_word' id='word_1_490' title='bbox 1516 442 1585 480; x_wconf 86' lang='lat' dir='ltr'>hoc</span> <span class='ocrx_word' id='word_1_491' title='bbox 1615 450 1667 479; x_wconf 76' lang='lat' dir='ltr'>est</span> <span class='ocrx_word' id='word_1_492' title='bbox 1698 443 1822 481; x_wconf 84' lang='lat' dir='ltr'>minus</span> <span class='ocrx_word' id='word_1_493' title='bbox 1851 442 2022 483; x_wconf 78' lang='lat' dir='ltr'>claram.</span> <span class='ocrx_word' id='word_1_494' title='bbox 2284 454 2287 456; x_wconf 65' lang='grc'><strong>“</strong></span> 
     </span>
    </p>

    <p class='ocr_par' dir='ltr' id='par_1_11' title="bbox 1191 492 2308 2241">
     <span class='ocr_line' id='line_1_68' title="bbox 1257 492 2298 548; baseline 0.013 -19"><span class='ocrx_word' id='word_1_495' title='bbox 1257 492 1344 539; x_wconf 71' lang='grc'><strong>124.</strong></span> <span class='ocrx_word' id='word_1_496' title='bbox 1374 493 1504 531; x_wconf 84' lang='lat' dir='ltr'>Tertio</span> <span class='ocrx_word' id='word_1_497' title='bbox 1532 507 1607 532; x_wconf 86' lang='lat' dir='ltr'>non</span> <span class='ocrx_word' id='word_1_498' title='bbox 1637 504 1762 533; x_wconf 84' lang='lat' dir='ltr'>tamen</span> <span class='ocrx_word' id='word_1_499' title='bbox 1792 497 2001 547; x_wconf 82' lang='lat' dir='ltr'>putandum</span> <span class='ocrx_word' id='word_1_500' title='bbox 2028 508 2106 548; x_wconf 85' lang='lat' dir='ltr'>est,</span> <span class='ocrx_word' id='word_1_501' title='bbox 2137 516 2158 539; x_wconf 89' lang='lat' dir='ltr'>a</span> <span class='ocrx_word' id='word_1_502' title='bbox 2178 504 2298 544; x_wconf 79' lang='lat' dir='ltr'>Beatis</span> 
     </span>
     <span class='ocr_line' id='line_1_69' title="bbox 1195 547 2298 598; baseline 0.01 -15"><span class='ocrx_word' id='word_1_503' title='bbox 1195 548 1324 583; x_wconf 85' lang='lat' dir='ltr'>omnia</span> <span class='ocrx_word' id='word_1_504' title='bbox 1351 547 1507 582; x_wconf 86' lang='lat' dir='ltr'>omnino</span> <span class='ocrx_word' id='word_1_505' title='bbox 1542 548 1581 585; x_wconf 90' lang='lat' dir='ltr'>in</span> <span class='ocrx_word' id='word_1_506' title='bbox 1612 547 1693 585; x_wconf 87' lang='lat' dir='ltr'>Deo</span> <span class='ocrx_word' id='word_1_507' title='bbox 1721 550 1868 595; x_wconf 81' lang='lat' dir='ltr'>videri3</span> <span class='ocrx_word' id='word_1_508' title='bbox 1914 559 1953 587; x_wconf 81' lang='lat' dir='ltr'>ut</span> <span class='ocrx_word' id='word_1_509' title='bbox 1982 554 2086 590; x_wconf 84' lang='grc'><strong>6111111</strong></span> <span class='ocrx_word' id='word_1_510' title='bbox 2123 554 2228 592; x_wconf 87' lang='lat' dir='ltr'>docet</span> <span class='ocrx_word' id='word_1_511' title='bbox 2256 558 2298 598; x_wconf 81' lang='lat' dir='ltr'>S.</span> 
     </span>
     <span class='ocr_line' id='line_1_70' title="bbox 1197 597 2299 653; baseline 0.008 -16"><span class='ocrx_word' id='word_1_512' title='bbox 1197 599 1365 637; x_wconf 87' lang='lat' dir='ltr'>Thomas</span> <span class='ocrx_word' id='word_1_513' title='bbox 1395 599 1423 635; x_wconf 91' lang='grc' dir='ltr'>Ι.</span> <span class='ocrx_word' id='word_1_514' title='bbox 1454 597 1494 634; x_wconf 89' lang='grc' dir='ltr'>Ρ.</span> <span class='ocrx_word' id='word_1_515' title='bbox 1524 610 1658 650; x_wconf 73' lang='lat' dir='ltr'>quaest.</span> <span class='ocrx_word' id='word_1_516' title='bbox 1693 615 1752 640; x_wconf 89' lang='grc'>12.</span> <span class='ocrx_word' id='word_1_517' title='bbox 1782 611 1854 640; x_wconf 82' lang='lat' dir='ltr'>art.</span> <span class='ocrx_word' id='word_1_518' title='bbox 1883 602 1921 641; x_wconf 82' lang='grc'>8.</span> <span class='ocrx_word' id='word_1_519' title='bbox 1940 634 1950 651; x_wconf 92' lang='grc'><strong>,</strong></span> <span class='ocrx_word' id='word_1_520' title='bbox 1997 631 2025 653; x_wconf 77' lang='grc'>,,</span> <span class='ocrx_word' id='word_1_521' title='bbox 2056 605 2122 643; x_wconf 82' lang='grc'><strong>1116</strong></span> <span class='ocrx_word' id='word_1_522' title='bbox 2152 609 2299 646; x_wconf 83' lang='lat' dir='ltr'>intelle-</span> 
     </span>
     <span class='ocr_line' id='line_1_71' title="bbox 1197 652 2300 707; baseline 0.012 -19"><span class='ocrx_word' id='word_1_523' title='bbox 1197 681 1223 701; x_wconf 88' lang='lat'>„</span> <span class='ocrx_word' id='word_1_524' title='bbox 1251 661 1333 689; x_wconf 86' lang='lat' dir='ltr'>ctus</span> <span class='ocrx_word' id='word_1_525' title='bbox 1362 660 1478 703; x_wconf 84' lang='lat' dir='ltr'>potest</span> <span class='ocrx_word' id='word_1_526' title='bbox 1508 652 1545 688; x_wconf 96' lang='grc'>111</span> <span class='ocrx_word' id='word_1_527' title='bbox 1575 666 1684 691; x_wconf 79' lang='lat' dir='ltr'>causa</span> <span class='ocrx_word' id='word_1_528' title='bbox 1714 669 1932 707; x_wconf 71' lang='lat' dir='ltr'>cognoscere</span> <span class='ocrx_word' id='word_1_529' title='bbox 1952 671 2078 697; x_wconf 84' lang='lat' dir='ltr'>omnes</span> <span class='ocrx_word' id='word_1_530' title='bbox 2098 673 2223 699; x_wconf 79' lang='lat' dir='ltr'>causae</span> <span class='ocrx_word' id='word_1_531' title='bbox 2244 663 2300 700; x_wconf 86' lang='lat' dir='ltr'>ef-</span> 
     </span>
     <span class='ocr_line' id='line_1_72' title="bbox 1198 704 2299 765; baseline 0.011 -24"><span class='ocrx_word' id='word_1_532' title='bbox 1198 735 1225 754; x_wconf 89' lang='lat'>„</span> <span class='ocrx_word' id='word_1_533' title='bbox 1256 706 1401 751; x_wconf 84' lang='lat' dir='ltr'>fectus,</span> <span class='ocrx_word' id='word_1_534' title='bbox 1432 704 1465 740; x_wconf 77' lang='grc'>8(</span> <span class='ocrx_word' id='word_1_535' title='bbox 1494 716 1622 741; x_wconf 82' lang='lat' dir='ltr'>omnes</span> <span class='ocrx_word' id='word_1_536' title='bbox 1652 709 1810 745; x_wconf 80' lang='lat' dir='ltr'>rationes</span> <span class='ocrx_word' id='word_1_537' title='bbox 1839 709 2071 760; x_wconf 78' lang='lat' dir='ltr'>effectuum,</span> <span class='ocrx_word' id='word_1_538' title='bbox 2108 715 2178 765; x_wconf 88' lang='lat' dir='ltr'>qui</span> <span class='ocrx_word' id='word_1_539' title='bbox 2208 729 2299 753; x_wconf 82' lang='grc'><strong>6611-</strong></span> 
     </span>
     <span class='ocr_line' id='line_1_73' title="bbox 1200 756 2301 808; baseline 0.011 -14"><span class='ocrx_word' id='word_1_540' title='bbox 1200 784 1226 807; x_wconf 87' lang='grc'>,,</span> <span class='ocrx_word' id='word_1_541' title='bbox 1256 771 1335 795; x_wconf 84' lang='grc'><strong>36111</strong></span> <span class='ocrx_word' id='word_1_542' title='bbox 1366 756 1531 794; x_wconf 82' lang='lat' dir='ltr'>totaliter</span> <span class='ocrx_word' id='word_1_543' title='bbox 1559 759 1866 808; x_wconf 79' lang='lat' dir='ltr'>comprehendit3</span> <span class='ocrx_word' id='word_1_544' title='bbox 1898 763 2027 803; x_wconf 83' lang='lat' dir='ltr'>nullus</span> <span class='ocrx_word' id='word_1_545' title='bbox 2047 775 2170 803; x_wconf 87' lang='lat' dir='ltr'>autem</span> <span class='ocrx_word' id='word_1_546' title='bbox 2192 767 2301 807; x_wconf 75' lang='lat' dir='ltr'>intel-</span> 
     </span>
     <span class='ocr_line' id='line_1_74' title="bbox 1200 810 2306 870; baseline 0.013 -23"><span class='ocrx_word' id='word_1_547' title='bbox 1200 811 1372 860; x_wconf 83' lang='lat' dir='ltr'>„lectus</span> <span class='ocrx_word' id='word_1_548' title='bbox 1400 819 1549 848; x_wconf 73' lang='lat' dir='ltr'>creatus</span> <span class='ocrx_word' id='word_1_549' title='bbox 1588 810 1749 848; x_wconf 83' lang='lat' dir='ltr'>totaliter</span> <span class='ocrx_word' id='word_1_550' title='bbox 1786 827 1940 852; x_wconf 70' lang='lat' dir='ltr'>causam</span> <span class='ocrx_word' id='word_1_551' title='bbox 1981 818 2306 870; x_wconf 74' lang='lat' dir='ltr'>comprehendere</span> 
     </span>
     <span class='ocr_line' id='line_1_75' title="bbox 1200 862 2305 915; baseline 0.014 -17"><span class='ocrx_word' id='word_1_552' title='bbox 1200 894 1226 914; x_wconf 80' lang='lat'>„</span> <span class='ocrx_word' id='word_1_553' title='bbox 1257 872 1396 915; x_wconf 82' lang='lat' dir='ltr'>potest:</span> <span class='ocrx_word' id='word_1_554' title='bbox 1416 862 1560 900; x_wconf 83' lang='lat' dir='ltr'>‘nullus</span> <span class='ocrx_word' id='word_1_555' title='bbox 1588 864 1703 915; x_wconf 80' lang='lat' dir='ltr'>igitur</span> <span class='ocrx_word' id='word_1_556' title='bbox 1734 865 1941 906; x_wconf 80' lang='lat' dir='ltr'>intellectus</span> <span class='ocrx_word' id='word_1_557' title='bbox 1969 881 2113 909; x_wconf 80' lang='lat' dir='ltr'>creatus</span> <span class='ocrx_word' id='word_1_558' title='bbox 2140 874 2305 913; x_wconf 86' lang='lat' dir='ltr'>videndo</span> 
     </span>
     <span class='ocr_line' id='line_1_76' title="bbox 1200 918 2302 975; baseline 0.011 -21"><span class='ocrx_word' id='word_1_559' title='bbox 1200 948 1226 967; x_wconf 85' lang='lat'>„</span> <span class='ocrx_word' id='word_1_560' title='bbox 1259 918 1384 955; x_wconf 89' lang='lat' dir='ltr'>Deum</span> <span class='ocrx_word' id='word_1_561' title='bbox 1414 925 1528 967; x_wconf 82' lang='lat' dir='ltr'>potest</span> <span class='ocrx_word' id='word_1_562' title='bbox 1557 928 1777 967; x_wconf 80' lang='lat' dir='ltr'>cognoscere</span> <span class='ocrx_word' id='word_1_563' title='bbox 1804 923 1960 969; x_wconf 83' lang='lat' dir='ltr'>omnia,</span> <span class='ocrx_word' id='word_1_564' title='bbox 1997 937 2082 975; x_wconf 82' lang='lat' dir='ltr'>quae</span> <span class='ocrx_word' id='word_1_565' title='bbox 2114 926 2219 965; x_wconf 88' lang='lat' dir='ltr'>Deus</span> <span class='ocrx_word' id='word_1_566' title='bbox 2247 929 2302 966; x_wconf 66' lang='lat' dir='ltr'>fa=</span> 
     </span>
     <span class='ocr_line' id='line_1_77' title="bbox 1200 969 2304 1030; baseline 0.01 -22"><span class='ocrx_word' id='word_1_567' title='bbox 1200 1000 1225 1020; x_wconf 86' lang='lat'><strong>„</strong></span> <span class='ocrx_word' id='word_1_568' title='bbox 1255 971 1305 1008; x_wconf 89' lang='lat' dir='ltr'>cit</span> <span class='ocrx_word' id='word_1_569' title='bbox 1324 1000 1334 1017; x_wconf 85' lang='lat'>,</span> <span class='ocrx_word' id='word_1_570' title='bbox 1359 969 1424 1009; x_wconf 59' lang='lat' dir='ltr'>‘vel</span> <span class='ocrx_word' id='word_1_571' title='bbox 1453 977 1571 1022; x_wconf 77' lang='lat' dir='ltr'>potest</span> <span class='ocrx_word' id='word_1_572' title='bbox 1595 973 1717 1008; x_wconf 79' lang='lat' dir='ltr'>facere</span> <span class='ocrx_word' id='word_1_573' title='bbox 1810 972 1883 1009; x_wconf 84' lang='lat' dir='ltr'>Sed</span> <span class='ocrx_word' id='word_1_574' title='bbox 1905 972 2036 1013; x_wconf 85' lang='lat' dir='ltr'>horum</span> <span class='ocrx_word' id='word_1_575' title='bbox 2052 1008 2060 1024; x_wconf 90' lang='lat'>,</span> <span class='ocrx_word' id='word_1_576' title='bbox 2091 992 2178 1030; x_wconf 79' lang='lat' dir='ltr'>quae</span> <span class='ocrx_word' id='word_1_577' title='bbox 2200 981 2304 1020; x_wconf 70' lang='lat' dir='ltr'>Deus</span> 
     </span>
     <span class='ocr_line' id='line_1_78' title="bbox 1191 1022 2302 1080; baseline 0.01 -19"><span class='ocrx_word' id='word_1_578' title='bbox 1191 1052 1226 1073; x_wconf 74' lang='lat'>,„</span> <span class='ocrx_word' id='word_1_579' title='bbox 1256 1024 1374 1071; x_wconf 81' lang='lat' dir='ltr'>facit,</span> <span class='ocrx_word' id='word_1_580' title='bbox 1405 1022 1463 1060; x_wconf 87' lang='lat' dir='ltr'>vel</span> <span class='ocrx_word' id='word_1_581' title='bbox 1495 1024 1617 1061; x_wconf 84' lang='lat' dir='ltr'>facere</span> <span class='ocrx_word' id='word_1_582' title='bbox 1646 1033 1784 1076; x_wconf 72' lang='lat' dir='ltr'>potest,</span> <span class='ocrx_word' id='word_1_583' title='bbox 1817 1034 1913 1063; x_wconf 76' lang='lat' dir='ltr'>tanto</span> <span class='ocrx_word' id='word_1_584' title='bbox 1933 1027 2074 1080; x_wconf 75' lang='lat' dir='ltr'>aliquis</span> <span class='ocrx_word' id='word_1_585' title='bbox 2094 1033 2302 1080; x_wconf 72' lang='lat' dir='ltr'>intellectus</span> 
     </span>
     <span class='ocr_line' id='line_1_79' title="bbox 1199 1076 2303 1129; baseline 0.012 -17"><span class='ocrx_word' id='word_1_586' title='bbox 1199 1108 1226 1128; x_wconf 76' lang='lat'><strong>„</strong></span> <span class='ocrx_word' id='word_1_587' title='bbox 1256 1076 1370 1128; x_wconf 87' lang='lat' dir='ltr'>plura</span> <span class='ocrx_word' id='word_1_588' title='bbox 1397 1078 1609 1128; x_wconf 84' lang='lat' dir='ltr'>cognoscit,</span> <span class='ocrx_word' id='word_1_589' title='bbox 1639 1086 1777 1128; x_wconf 82' lang='lat' dir='ltr'>quanto</span> <span class='ocrx_word' id='word_1_590' title='bbox 1799 1080 1998 1129; x_wconf 73' lang='lat' dir='ltr'>perfectius</span> <span class='ocrx_word' id='word_1_591' title='bbox 2021 1082 2146 1121; x_wconf 86' lang='lat' dir='ltr'>Deum</span> <span class='ocrx_word' id='word_1_592' title='bbox 2171 1087 2303 1126; x_wconf 85' lang='lat' dir='ltr'>videt.</span> 
     </span>
     <span class='ocr_line' id='line_1_80' title="bbox 1199 1128 2304 1181; baseline 0.012 -16"><span class='ocrx_word' id='word_1_593' title='bbox 1199 1160 1226 1181; x_wconf 74' lang='lat'>„</span> <span class='ocrx_word' id='word_1_594' title='bbox 1257 1129 1311 1166; x_wconf 82' lang='lat' dir='ltr'>Et</span> <span class='ocrx_word' id='word_1_595' title='bbox 1340 1128 1454 1181; x_wconf 83' lang='lat' dir='ltr'>infra</span> <span class='ocrx_word' id='word_1_596' title='bbox 1491 1134 1531 1167; x_wconf 82' lang='lat' dir='ltr'>in</span> <span class='ocrx_word' id='word_1_597' title='bbox 1560 1143 1663 1179; x_wconf 78' lang='lat' dir='ltr'>resp.</span> <span class='ocrx_word' id='word_1_598' title='bbox 1700 1129 1755 1168; x_wconf 68' lang='lat' dir='ltr'>ad</span> <span class='ocrx_word' id='word_1_599' title='bbox 1784 1132 1821 1177; x_wconf 73' lang='grc'>4.</span> <span class='ocrx_word' id='word_1_600' title='bbox 1865 1133 2036 1171; x_wconf 83' lang='lat' dir='ltr'>naturale</span> <span class='ocrx_word' id='word_1_601' title='bbox 2076 1137 2304 1178; x_wconf 85' lang='lat' dir='ltr'>desiderium</span> 
     </span>
     <span class='ocr_line' id='line_1_81' title="bbox 1200 1182 2306 1234; baseline 0.008 -14"><span class='ocrx_word' id='word_1_602' title='bbox 1200 1214 1227 1234; x_wconf 80' lang='grc'>,,</span> <span class='ocrx_word' id='word_1_603' title='bbox 1258 1182 1454 1221; x_wconf 85' lang='lat' dir='ltr'>rationalis</span> <span class='ocrx_word' id='word_1_604' title='bbox 1482 1193 1667 1221; x_wconf 69' lang='lat' dir='ltr'>creaturae</span> <span class='ocrx_word' id='word_1_605' title='bbox 1698 1193 1776 1232; x_wconf 83' lang='lat' dir='ltr'>est,</span> <span class='ocrx_word' id='word_1_606' title='bbox 1805 1184 1852 1223; x_wconf 86' lang='lat' dir='ltr'>ad</span> <span class='ocrx_word' id='word_1_607' title='bbox 1876 1188 2080 1225; x_wconf 65' lang='lat' dir='ltr'>‘sciendum</span> <span class='ocrx_word' id='word_1_608' title='bbox 2109 1192 2238 1229; x_wconf 84' lang='lat' dir='ltr'>omnia</span> <span class='ocrx_word' id='word_1_609' title='bbox 2259 1192 2306 1229; x_wconf 66' lang='lat' dir='ltr'>ile</span> 
     </span>
     <span class='ocr_line' id='line_1_82' title="bbox 1200 1235 2305 1292; baseline 0.011 -22"><span class='ocrx_word' id='word_1_610' title='bbox 1200 1267 1226 1287; x_wconf 68' lang='lat' dir='ltr'>&gt;a</span> <span class='ocrx_word' id='word_1_611' title='bbox 1256 1235 1321 1284; x_wconf 89' lang='lat' dir='ltr'>la,</span> <span class='ocrx_word' id='word_1_612' title='bbox 1357 1250 1446 1288; x_wconf 80' lang='lat' dir='ltr'>quae</span> <span class='ocrx_word' id='word_1_613' title='bbox 1476 1237 1661 1288; x_wconf 85' lang='lat' dir='ltr'>pertinent</span> <span class='ocrx_word' id='word_1_614' title='bbox 1690 1237 1736 1275; x_wconf 86' lang='lat' dir='ltr'>ad</span> <span class='ocrx_word' id='word_1_615' title='bbox 1767 1239 2035 1288; x_wconf 84' lang='lat' dir='ltr'>perfectionem</span> <span class='ocrx_word' id='word_1_616' title='bbox 2067 1242 2305 1292; x_wconf 84' lang='lat' dir='ltr'>intellectus,</span> 
     </span>
     <span class='ocr_line' id='line_1_83' title="bbox 1201 1289 2305 1342; baseline 0.008 -17"><span class='ocrx_word' id='word_1_617' title='bbox 1201 1320 1228 1340; x_wconf 62' lang='lat'>9,</span> <span class='ocrx_word' id='word_1_618' title='bbox 1257 1289 1291 1325; x_wconf 74' lang='lat' dir='ltr'>St</span> <span class='ocrx_word' id='word_1_619' title='bbox 1321 1289 1405 1327; x_wconf 80' lang='lat' dir='ltr'>haec</span> <span class='ocrx_word' id='word_1_620' title='bbox 1436 1298 1521 1327; x_wconf 88' lang='lat' dir='ltr'>sunt</span> <span class='ocrx_word' id='word_1_621' title='bbox 1550 1291 1719 1342; x_wconf 84' lang='lat' dir='ltr'>species,</span> <span class='ocrx_word' id='word_1_622' title='bbox 1750 1290 1783 1326; x_wconf 84' lang='lat'>&amp;</span> <span class='ocrx_word' id='word_1_623' title='bbox 1812 1305 1950 1342; x_wconf 82' lang='lat' dir='ltr'>genera</span> <span class='ocrx_word' id='word_1_624' title='bbox 1980 1307 2107 1332; x_wconf 82' lang='lat' dir='ltr'>rerum</span> <span class='ocrx_word' id='word_1_625' title='bbox 2130 1325 2140 1342; x_wconf 81' lang='grc'><strong>,</strong></span> <span class='ocrx_word' id='word_1_626' title='bbox 2183 1296 2217 1332; x_wconf 74' lang='grc' dir='ltr'>δε</span> <span class='ocrx_word' id='word_1_627' title='bbox 2246 1310 2305 1334; x_wconf 78' lang='lat' dir='ltr'>ra=</span> 
     </span>
     <span class='ocr_line' id='line_1_84' title="bbox 1201 1343 2306 1399; baseline 0.008 -20"><span class='ocrx_word' id='word_1_628' title='bbox 1201 1374 1227 1393; x_wconf 77' lang='grc'>,,</span> <span class='ocrx_word' id='word_1_629' title='bbox 1256 1343 1376 1380; x_wconf 88' lang='lat' dir='ltr'>tiones</span> <span class='ocrx_word' id='word_1_630' title='bbox 1404 1355 1565 1391; x_wconf 80' lang='lat' dir='ltr'>earum,</span> <span class='ocrx_word' id='word_1_631' title='bbox 1595 1357 1683 1395; x_wconf 82' lang='lat' dir='ltr'>quae</span> <span class='ocrx_word' id='word_1_632' title='bbox 1714 1345 1754 1380; x_wconf 90' lang='lat' dir='ltr'>in</span> <span class='ocrx_word' id='word_1_633' title='bbox 1777 1344 1858 1381; x_wconf 82' lang='lat' dir='ltr'>Deo</span> <span class='ocrx_word' id='word_1_634' title='bbox 1887 1347 2030 1383; x_wconf 82' lang='lat' dir='ltr'>videbit</span> <span class='ocrx_word' id='word_1_635' title='bbox 2059 1349 2221 1399; x_wconf 79' lang='lat' dir='ltr'>quilibet</span> <span class='ocrx_word' id='word_1_636' title='bbox 2249 1352 2306 1388; x_wconf 67' lang='lat' dir='ltr'>vie</span> 
     </span>
     <span class='ocr_line' id='line_1_85' title="bbox 1198 1395 2308 1448; baseline 0.01 -17"><span class='ocrx_word' id='word_1_637' title='bbox 1198 1426 1225 1445; x_wconf 65' lang='lat' dir='ltr'>aa</span> <span class='ocrx_word' id='word_1_638' title='bbox 1254 1395 1346 1433; x_wconf 84' lang='lat' dir='ltr'>dens</span> <span class='ocrx_word' id='word_1_639' title='bbox 1374 1397 1573 1435; x_wconf 81' lang='lat' dir='ltr'>essentiam</span> <span class='ocrx_word' id='word_1_640' title='bbox 1603 1398 1776 1435; x_wconf 85' lang='lat' dir='ltr'>divinam</span> <span class='ocrx_word' id='word_1_641' title='bbox 1793 1423 1802 1434; x_wconf 91' lang='grc'>.</span> <span class='ocrx_word' id='word_1_642' title='bbox 1833 1398 2062 1448; x_wconf 69' lang='lat' dir='ltr'>Cognoscere</span> <span class='ocrx_word' id='word_1_643' title='bbox 2082 1410 2208 1439; x_wconf 80' lang='lat' dir='ltr'>autem</span> <span class='ocrx_word' id='word_1_644' title='bbox 2229 1402 2308 1442; x_wconf 80' lang='lat' dir='ltr'>alia.</span> 
     </span>
     <span class='ocr_line' id='line_1_86' title="bbox 1199 1447 2306 1502; baseline 0.005 -16"><span class='ocrx_word' id='word_1_645' title='bbox 1199 1479 1225 1498; x_wconf 86' lang='grc'>,,</span> <span class='ocrx_word' id='word_1_646' title='bbox 1257 1447 1484 1498; x_wconf 80' lang='lat' dir='ltr'>singularia,</span> <span class='ocrx_word' id='word_1_647' title='bbox 1515 1448 1549 1484; x_wconf 82' lang='lat'>&amp;</span> <span class='ocrx_word' id='word_1_648' title='bbox 1579 1450 1757 1499; x_wconf 83' lang='lat' dir='ltr'>cogitata,</span> <span class='ocrx_word' id='word_1_649' title='bbox 1789 1450 1822 1485; x_wconf 76' lang='lat'>8&lt;</span> <span class='ocrx_word' id='word_1_650' title='bbox 1852 1451 1948 1489; x_wconf 74' lang='lat' dir='ltr'>facta</span> <span class='ocrx_word' id='word_1_651' title='bbox 1977 1465 2132 1502; x_wconf 85' lang='lat' dir='ltr'>eorum,</span> <span class='ocrx_word' id='word_1_652' title='bbox 2164 1468 2235 1492; x_wconf 90' lang='lat' dir='ltr'>non</span> <span class='ocrx_word' id='word_1_653' title='bbox 2255 1464 2306 1492; x_wconf 86' lang='lat' dir='ltr'>est</span> 
     </span>
     <span class='ocr_line' id='line_1_87' title="bbox 1200 1501 2306 1551; baseline 0.007 -15"><span class='ocrx_word' id='word_1_654' title='bbox 1200 1531 1226 1550; x_wconf 84' lang='grc'>,,</span> <span class='ocrx_word' id='word_1_655' title='bbox 1256 1501 1303 1537; x_wconf 90' lang='lat' dir='ltr'>de</span> <span class='ocrx_word' id='word_1_656' title='bbox 1331 1503 1558 1551; x_wconf 82' lang='lat' dir='ltr'>perfectione</span> <span class='ocrx_word' id='word_1_657' title='bbox 1587 1501 1796 1539; x_wconf 86' lang='lat' dir='ltr'>intellectus</span> <span class='ocrx_word' id='word_1_658' title='bbox 1823 1504 1964 1551; x_wconf 77' lang='lat' dir='ltr'>creati,</span> <span class='ocrx_word' id='word_1_659' title='bbox 1994 1518 2065 1542; x_wconf 86' lang='grc'><strong>1166</strong></span> <span class='ocrx_word' id='word_1_660' title='bbox 2093 1507 2139 1543; x_wconf 82' lang='lat' dir='ltr'>ad</span> <span class='ocrx_word' id='word_1_661' title='bbox 2170 1506 2239 1544; x_wconf 86' lang='lat' dir='ltr'>hoc</span> <span class='ocrx_word' id='word_1_662' title='bbox 2269 1522 2306 1544; x_wconf 89' lang='lat' dir='ltr'>e-</span> 
     </span>
     <span class='ocr_line' id='line_1_88' title="bbox 1200 1551 2305 1603; baseline 0.009 -16"><span class='ocrx_word' id='word_1_663' title='bbox 1200 1583 1226 1602; x_wconf 77' lang='lat'>„</span> <span class='ocrx_word' id='word_1_664' title='bbox 1255 1551 1316 1603; x_wconf 78' lang='lat' dir='ltr'>jus</span> <span class='ocrx_word' id='word_1_665' title='bbox 1345 1552 1514 1590; x_wconf 83' lang='lat' dir='ltr'>naturale</span> <span class='ocrx_word' id='word_1_666' title='bbox 1543 1553 1771 1590; x_wconf 88' lang='lat' dir='ltr'>desiderium</span> <span class='ocrx_word' id='word_1_667' title='bbox 1800 1555 1934 1592; x_wconf 85' lang='lat' dir='ltr'>tendit:</span> <span class='ocrx_word' id='word_1_668' title='bbox 1978 1570 2046 1594; x_wconf 90' lang='lat' dir='ltr'>nec</span> <span class='ocrx_word' id='word_1_669' title='bbox 2076 1559 2215 1596; x_wconf 85' lang='lat' dir='ltr'>iterum</span> <span class='ocrx_word' id='word_1_670' title='bbox 2244 1573 2305 1597; x_wconf 58' lang='lat'>000</span> 
     </span>
     <span class='ocr_line' id='line_1_89' title="bbox 1200 1607 2306 1657; baseline 0.008 -16"><span class='ocrx_word' id='word_1_671' title='bbox 1200 1634 1227 1655; x_wconf 82' lang='grc'>,,</span> <span class='ocrx_word' id='word_1_672' title='bbox 1256 1618 1434 1655; x_wconf 78' lang='lat' dir='ltr'>gnoscere</span> <span class='ocrx_word' id='word_1_673' title='bbox 1462 1619 1531 1652; x_wconf 86' lang='lat' dir='ltr'>ea,</span> <span class='ocrx_word' id='word_1_674' title='bbox 1577 1618 1666 1656; x_wconf 77' lang='lat' dir='ltr'>quae</span> <span class='ocrx_word' id='word_1_675' title='bbox 1710 1607 1881 1644; x_wconf 83' lang='lat' dir='ltr'>nondum</span> <span class='ocrx_word' id='word_1_676' title='bbox 1909 1617 2022 1657; x_wconf 87' lang='lat' dir='ltr'>sunt,</span> <span class='ocrx_word' id='word_1_677' title='bbox 2069 1612 2131 1648; x_wconf 85' lang='lat' dir='ltr'>sed</span> <span class='ocrx_word' id='word_1_678' title='bbox 2160 1610 2245 1650; x_wconf 86' lang='lat' dir='ltr'>fieri</span> <span class='ocrx_word' id='word_1_679' title='bbox 2281 1629 2306 1654; x_wconf 75' lang='grc'>6,</span> 
     </span>
     <span class='ocr_line' id='line_1_90' title="bbox 1200 1658 2305 1714; baseline 0.01 -22"><span class='ocrx_word' id='word_1_680' title='bbox 1200 1687 1226 1705; x_wconf 64' lang='lat' dir='ltr'>aa</span> <span class='ocrx_word' id='word_1_681' title='bbox 1256 1658 1337 1693; x_wconf 89' lang='lat' dir='ltr'>Deo</span> <span class='ocrx_word' id='word_1_682' title='bbox 1366 1666 1550 1708; x_wconf 85' lang='lat' dir='ltr'>possunt.</span> <span class='ocrx_word' id='word_1_683' title='bbox 1593 1658 1634 1694; x_wconf 91' lang='lat' dir='ltr'>Si</span> <span class='ocrx_word' id='word_1_684' title='bbox 1665 1667 1789 1695; x_wconf 85' lang='lat' dir='ltr'>tamen</span> <span class='ocrx_word' id='word_1_685' title='bbox 1819 1659 1919 1697; x_wconf 86' lang='lat' dir='ltr'>solus</span> <span class='ocrx_word' id='word_1_686' title='bbox 1948 1661 2050 1698; x_wconf 88' lang='lat' dir='ltr'>Deus</span> <span class='ocrx_word' id='word_1_687' title='bbox 2086 1664 2305 1714; x_wconf 85' lang='lat' dir='ltr'>videretur,</span> 
     </span>
     <span class='ocr_line' id='line_1_91' title="bbox 1202 1707 2306 1762; baseline 0.012 -21"><span class='ocrx_word' id='word_1_688' title='bbox 1202 1737 1229 1756; x_wconf 59' lang='lat'>3,</span> <span class='ocrx_word' id='word_1_689' title='bbox 1259 1710 1326 1758; x_wconf 87' lang='lat' dir='ltr'>qni</span> <span class='ocrx_word' id='word_1_690' title='bbox 1356 1718 1408 1745; x_wconf 90' lang='lat' dir='ltr'>est</span> <span class='ocrx_word' id='word_1_691' title='bbox 1437 1709 1547 1755; x_wconf 77' lang='lat' dir='ltr'>fons,</span> <span class='ocrx_word' id='word_1_692' title='bbox 1577 1707 1611 1743; x_wconf 72' lang='lat'>8&lt;</span> <span class='ocrx_word' id='word_1_693' title='bbox 1642 1712 1879 1759; x_wconf 81' lang='lat' dir='ltr'>principium</span> <span class='ocrx_word' id='word_1_694' title='bbox 1905 1715 2018 1759; x_wconf 78' lang='lat' dir='ltr'>&#39;totius</span> <span class='ocrx_word' id='word_1_695' title='bbox 2048 1727 2149 1762; x_wconf 87' lang='lat' dir='ltr'>esse,</span> <span class='ocrx_word' id='word_1_696' title='bbox 2180 1716 2214 1751; x_wconf 74' lang='grc'>8(</span> <span class='ocrx_word' id='word_1_697' title='bbox 2243 1732 2306 1754; x_wconf 89' lang='lat' dir='ltr'>ve-</span> 
     </span>
     <span class='ocr_line' id='line_1_92' title="bbox 1201 1759 2307 1810; baseline 0.012 -16"><span class='ocrx_word' id='word_1_698' title='bbox 1201 1789 1228 1808; x_wconf 72' lang='lat'>„</span> <span class='ocrx_word' id='word_1_699' title='bbox 1257 1760 1376 1797; x_wconf 80' lang='lat' dir='ltr'>ritatis</span> <span class='ocrx_word' id='word_1_700' title='bbox 1396 1789 1406 1807; x_wconf 87' lang='grc'><strong>,</strong></span> <span class='ocrx_word' id='word_1_701' title='bbox 1455 1761 1506 1797; x_wconf 85' lang='lat' dir='ltr'>ita</span> <span class='ocrx_word' id='word_1_702' title='bbox 1536 1759 1695 1810; x_wconf 85' lang='lat' dir='ltr'>repleret</span> <span class='ocrx_word' id='word_1_703' title='bbox 1725 1762 1898 1799; x_wconf 83' lang='lat' dir='ltr'>naturale</span> <span class='ocrx_word' id='word_1_704' title='bbox 1927 1763 2156 1803; x_wconf 84' lang='lat' dir='ltr'>desiderium</span> <span class='ocrx_word' id='word_1_705' title='bbox 2188 1772 2307 1807; x_wconf 66' lang='lat' dir='ltr'>scien&lt;</span> 
     </span>
     <span class='ocr_line' id='line_1_93' title="bbox 1201 1811 2308 1866; baseline 0.012 -19"><span class='ocrx_word' id='word_1_706' title='bbox 1201 1841 1228 1860; x_wconf 70' lang='lat' dir='ltr'>:a</span> <span class='ocrx_word' id='word_1_707' title='bbox 1258 1811 1324 1859; x_wconf 88' lang='lat' dir='ltr'>di,</span> <span class='ocrx_word' id='word_1_708' title='bbox 1353 1811 1456 1864; x_wconf 85' lang='lat' dir='ltr'>quod</span> <span class='ocrx_word' id='word_1_709' title='bbox 1485 1812 1583 1849; x_wconf 86' lang='lat' dir='ltr'>nihil</span> <span class='ocrx_word' id='word_1_710' title='bbox 1613 1813 1719 1851; x_wconf 83' lang='lat' dir='ltr'>aliud</span> <span class='ocrx_word' id='word_1_711' title='bbox 1749 1825 2010 1866; x_wconf 76' lang='lat' dir='ltr'>quaereretur,</span> <span class='ocrx_word' id='word_1_712' title='bbox 2041 1817 2074 1853; x_wconf 74' lang='grc' dir='ltr'>ἃ</span> <span class='ocrx_word' id='word_1_713' title='bbox 2104 1819 2233 1858; x_wconf 77' lang='lat' dir='ltr'>beatus</span> <span class='ocrx_word' id='word_1_714' title='bbox 2253 1837 2308 1860; x_wconf 46' lang='lat' dir='ltr'>esa</span> 
     </span>
     <span class='ocr_line' id='line_1_94' title="bbox 1200 1866 2307 1927; baseline 0.012 -26"><span class='ocrx_word' id='word_1_715' title='bbox 1200 1895 1227 1914; x_wconf 86' lang='lat'>„</span> <span class='ocrx_word' id='word_1_716' title='bbox 1257 1871 1334 1910; x_wconf 78' lang='lat' dir='ltr'>set3</span> <span class='ocrx_word' id='word_1_717' title='bbox 1373 1866 1470 1902; x_wconf 88' lang='lat' dir='ltr'>unde</span> <span class='ocrx_word' id='word_1_718' title='bbox 1499 1866 1592 1904; x_wconf 86' lang='lat' dir='ltr'>dicit</span> <span class='ocrx_word' id='word_1_719' title='bbox 1621 1869 1853 1918; x_wconf 78' lang='lat' dir='ltr'>Augustinus</span> <span class='ocrx_word' id='word_1_720' title='bbox 1883 1867 1969 1907; x_wconf 88' lang='lat' dir='ltr'>Lib.</span> <span class='ocrx_word' id='word_1_721' title='bbox 2002 1870 2050 1908; x_wconf 83' lang='lat' dir='ltr'>V.</span> <span class='ocrx_word' id='word_1_722' title='bbox 2078 1871 2189 1911; x_wconf 79' lang='lat' dir='ltr'>Conf.</span> <span class='ocrx_word' id='word_1_723' title='bbox 2221 1889 2307 1927; x_wconf 88' lang='lat' dir='ltr'>cap.</span> 
     </span>
     <span class='ocr_line' id='line_1_95' title="bbox 1200 1917 2307 1977; baseline 0.011 -23"><span class='ocrx_word' id='word_1_724' title='bbox 1200 1947 1227 1966; x_wconf 88' lang='lat'>„</span> <span class='ocrx_word' id='word_1_725' title='bbox 1257 1918 1296 1964; x_wconf 73' lang='grc'>4.</span> <span class='ocrx_word' id='word_1_726' title='bbox 1327 1917 1460 1956; x_wconf 77' lang='lat' dir='ltr'>infelix</span> <span class='ocrx_word' id='word_1_727' title='bbox 1491 1917 1632 1967; x_wconf 88' lang='grc'><strong>1101110,</strong></span> <span class='ocrx_word' id='word_1_728' title='bbox 1662 1922 1729 1971; x_wconf 85' lang='lat' dir='ltr'>qui</span> <span class='ocrx_word' id='word_1_729' title='bbox 1759 1921 1827 1959; x_wconf 82' lang='lat' dir='ltr'>scit</span> <span class='ocrx_word' id='word_1_730' title='bbox 1856 1923 1985 1961; x_wconf 81' lang='lat' dir='ltr'>omnia</span> <span class='ocrx_word' id='word_1_731' title='bbox 2016 1923 2084 1962; x_wconf 81' lang='lat' dir='ltr'>illa</span> <span class='ocrx_word' id='word_1_732' title='bbox 2115 1928 2131 1977; x_wconf 88' lang='lat'>(</span> <span class='ocrx_word' id='word_1_733' title='bbox 2160 1928 2307 1966; x_wconf 73' lang='lat' dir='ltr'>scilicet</span> 
     </span>
     <span class='ocr_line' id='line_1_96' title="bbox 1201 1972 2307 2030; baseline 0.011 -23"><span class='ocrx_word' id='word_1_734' title='bbox 1201 2000 1228 2019; x_wconf 86' lang='lat'>„</span> <span class='ocrx_word' id='word_1_735' title='bbox 1257 1980 1467 2009; x_wconf 74' lang='lat' dir='ltr'>creaturas</span> <span class='ocrx_word' id='word_1_736' title='bbox 1498 1972 1546 2020; x_wconf 85' lang='grc'><strong>),</strong></span> <span class='ocrx_word' id='word_1_737' title='bbox 1589 1981 1622 2009; x_wconf 90' lang='grc'>16</span> <span class='ocrx_word' id='word_1_738' title='bbox 1650 1982 1778 2011; x_wconf 89' lang='lat' dir='ltr'>autem</span> <span class='ocrx_word' id='word_1_739' title='bbox 1807 1977 1948 2013; x_wconf 85' lang='lat' dir='ltr'>nescit:</span> <span class='ocrx_word' id='word_1_740' title='bbox 1991 1976 2121 2015; x_wconf 83' lang='lat' dir='ltr'>beatus</span> <span class='ocrx_word' id='word_1_741' title='bbox 2149 1990 2274 2019; x_wconf 87' lang='lat' dir='ltr'>autem</span> <span class='ocrx_word' id='word_1_742' title='bbox 2296 2011 2307 2030; x_wconf 94' lang='lat'>,</span> 
     </span>
     <span class='ocr_line' id='line_1_97' title="bbox 1201 2026 2306 2083; baseline 0.012 -23"><span class='ocrx_word' id='word_1_743' title='bbox 1201 2053 1227 2073; x_wconf 86' lang='lat'>„</span> <span class='ocrx_word' id='word_1_744' title='bbox 1257 2026 1324 2076; x_wconf 83' lang='lat' dir='ltr'>qui</span> <span class='ocrx_word' id='word_1_745' title='bbox 1355 2034 1390 2062; x_wconf 86' lang='lat' dir='ltr'>te</span> <span class='ocrx_word' id='word_1_746' title='bbox 1418 2026 1508 2072; x_wconf 87' lang='lat' dir='ltr'>scit,</span> <span class='ocrx_word' id='word_1_747' title='bbox 1537 2027 1651 2064; x_wconf 86' lang='lat' dir='ltr'>etiam</span> <span class='ocrx_word' id='word_1_748' title='bbox 1681 2028 1709 2064; x_wconf 91' lang='lat' dir='ltr'>si</span> <span class='ocrx_word' id='word_1_749' title='bbox 1742 2026 1808 2065; x_wconf 87' lang='lat' dir='ltr'>illa</span> <span class='ocrx_word' id='word_1_750' title='bbox 1828 2031 1996 2066; x_wconf 78' lang='lat' dir='ltr'>nesciat.</span> <span class='ocrx_word' id='word_1_751' title='bbox 2026 2030 2104 2078; x_wconf 87' lang='lat' dir='ltr'>Qui</span> <span class='ocrx_word' id='word_1_752' title='bbox 2134 2046 2222 2071; x_wconf 85' lang='lat' dir='ltr'>vero</span> <span class='ocrx_word' id='word_1_753' title='bbox 2251 2044 2306 2083; x_wconf 79' lang='lat' dir='ltr'>te,</span> 
     </span>
     <span class='ocr_line' id='line_1_98' title="bbox 1201 2077 2308 2134; baseline 0.011 -21"><span class='ocrx_word' id='word_1_754' title='bbox 1201 2106 1228 2125; x_wconf 79' lang='grc'>,,</span> <span class='ocrx_word' id='word_1_755' title='bbox 1257 2078 1291 2113; x_wconf 72' lang='lat'>8&lt;</span> <span class='ocrx_word' id='word_1_756' title='bbox 1320 2077 1388 2115; x_wconf 79' lang='lat' dir='ltr'>illa</span> <span class='ocrx_word' id='word_1_757' title='bbox 1416 2079 1548 2126; x_wconf 89' lang='lat' dir='ltr'>novit,</span> <span class='ocrx_word' id='word_1_758' title='bbox 1586 2092 1658 2117; x_wconf 88' lang='lat' dir='ltr'>non</span> <span class='ocrx_word' id='word_1_759' title='bbox 1685 2090 1837 2131; x_wconf 85' lang='lat' dir='ltr'>propter</span> <span class='ocrx_word' id='word_1_760' title='bbox 1866 2080 1933 2119; x_wconf 84' lang='lat' dir='ltr'>illa</span> <span class='ocrx_word' id='word_1_761' title='bbox 1963 2081 2108 2122; x_wconf 82' lang='lat' dir='ltr'>beatior</span> <span class='ocrx_word' id='word_1_762' title='bbox 2137 2096 2214 2134; x_wconf 85' lang='lat' dir='ltr'>est,</span> <span class='ocrx_word' id='word_1_763' title='bbox 2244 2090 2308 2127; x_wconf 82' lang='lat' dir='ltr'>sed.</span> 
     </span>
     <span class='ocr_line' id='line_1_99' title="bbox 1200 2130 2306 2182; baseline 0.012 -17"><span class='ocrx_word' id='word_1_764' title='bbox 1200 2160 1226 2178; x_wconf 82' lang='lat'>„</span> <span class='ocrx_word' id='word_1_765' title='bbox 1256 2140 1408 2182; x_wconf 86' lang='lat' dir='ltr'>propter</span> <span class='ocrx_word' id='word_1_766' title='bbox 1437 2140 1472 2167; x_wconf 88' lang='lat' dir='ltr'>te</span> <span class='ocrx_word' id='word_1_767' title='bbox 1512 2130 1635 2169; x_wconf 88' lang='lat' dir='ltr'>solum</span> <span class='ocrx_word' id='word_1_768' title='bbox 1666 2132 1795 2170; x_wconf 86' lang='lat' dir='ltr'>beatus</span> <span class='ocrx_word' id='word_1_769' title='bbox 1816 2160 1827 2170; x_wconf 86' lang='lat'>.</span> <span class='ocrx_word' id='word_1_770' title='bbox 1879 2133 2035 2173; x_wconf 76' lang='lat' dir='ltr'>Consul.</span> <span class='ocrx_word' id='word_1_771' title='bbox 2065 2137 2172 2180; x_wconf 73' lang='lat' dir='ltr'>laud,</span> <span class='ocrx_word' id='word_1_772' title='bbox 2207 2139 2306 2180; x_wconf 62' lang='lat' dir='ltr'>&#39;Tho-</span> 
     </span>
     <span class='ocr_line' id='line_1_100' title="bbox 1200 2182 2130 2241; baseline 0.009 -21"><span class='ocrx_word' id='word_1_773' title='bbox 1200 2211 1227 2232; x_wconf 63' lang='lat'>5,</span> <span class='ocrx_word' id='word_1_774' title='bbox 1256 2186 1457 2222; x_wconf 82' lang='lat' dir='ltr'>massinus</span> <span class='ocrx_word' id='word_1_775' title='bbox 1484 2182 1571 2222; x_wconf 69' lang='lat' dir='ltr'>Lib.</span> <span class='ocrx_word' id='word_1_776' title='bbox 1604 2183 1672 2223; x_wconf 79' lang='lat' dir='ltr'>VJ.</span> <span class='ocrx_word' id='word_1_777' title='bbox 1701 2186 1746 2223; x_wconf 87' lang='lat' dir='ltr'>de</span> <span class='ocrx_word' id='word_1_778' title='bbox 1776 2186 1858 2224; x_wconf 87' lang='lat' dir='ltr'>Deo</span> <span class='ocrx_word' id='word_1_779' title='bbox 1886 2200 1977 2239; x_wconf 86' lang='lat' dir='ltr'>cap.</span> <span class='ocrx_word' id='word_1_780' title='bbox 2012 2203 2073 2241; x_wconf 75' lang='lat'>¹7·</span> <span class='ocrx_word' id='word_1_781' title='bbox 2103 2195 2130 2213; x_wconf 86' lang='lat'><strong>“</strong></span> 
     </span>
    </p>
   </div>
   <div class='ocr_carea' id='block_1_5' title="bbox 1521 2288 1986 2331">
    <p class='ocr_par' dir='ltr' id='par_1_12' title="bbox 1521 2288 1986 2331">
     <span class='ocr_line' id='line_1_101' title="bbox 1521 2288 1986 2331; baseline 0.009 -4"><span class='ocrx_word' id='word_1_782' title='bbox 1521 2288 1840 2329; x_wconf 86' lang='lat' dir='ltr'><strong>CAPUT</strong></span> <span class='ocrx_word' id='word_1_783' title='bbox 1917 2292 1986 2331; x_wconf 85' lang='lat' dir='ltr'>VI.</span> 
     </span>
    </p>
   </div>
   <div class='ocr_carea' id='block_1_6' title="bbox 1339 2392 2173 2500">
    <p class='ocr_par' dir='ltr' id='par_1_13' title="bbox 1339 2392 2173 2500">
     <span class='ocr_line' id='line_1_102' title="bbox 1339 2392 2173 2446; baseline 0.006 -10"><span class='ocrx_word' id='word_1_784' title='bbox 1339 2392 1595 2446; x_wconf 71' lang='lat' dir='ltr'>Ostendetur,</span> <span class='ocrx_word' id='word_1_785' title='bbox 1623 2395 1756 2434; x_wconf 80' lang='lat' dir='ltr'>Deum</span> <span class='ocrx_word' id='word_1_786' title='bbox 1786 2410 1813 2434; x_wconf 87' lang='lat' dir='ltr'>a</span> <span class='ocrx_word' id='word_1_787' title='bbox 1843 2395 1977 2437; x_wconf 76' lang='lat' dir='ltr'>Beatis</span> <span class='ocrx_word' id='word_1_788' title='bbox 2006 2403 2173 2443; x_wconf 76' lang='lat' dir='ltr'>minime</span> 
     </span>
     <span class='ocr_line' id='line_1_103' title="bbox 1604 2449 1902 2500; baseline 0.007 -12"><span class='ocrx_word' id='word_1_789' title='bbox 1604 2449 1902 2500; x_wconf 70' lang='lat' dir='ltr'>comprehendi.</span> 
     </span>
    </p>
   </div>
   <div class='ocr_carea' id='block_1_7' title="bbox 1194 2535 2308 3352">
    <p class='ocr_par' dir='ltr' id='par_1_14' title="bbox 1194 2535 2308 3352">
     <span class='ocr_line' id='line_1_104' title="bbox 1257 2535 2308 2613; baseline 0.004 -18"><span class='ocrx_word' id='word_1_790' title='bbox 1257 2566 1272 2595; x_wconf 84' lang='grc'>1</span> <span class='ocrx_word' id='word_1_791' title='bbox 1284 2557 1352 2596; x_wconf 87' lang='grc'><strong>25..</strong></span> <span class='ocrx_word' id='word_1_792' title='bbox 1363 2535 1756 2610; x_wconf 70' lang='lat' dir='ltr'>Conipreliensio‚set1</span> <span class='ocrx_word' id='word_1_793' title='bbox 1769 2566 1806 2595; x_wconf 87' lang='lat' dir='ltr'>ut</span> <span class='ocrx_word' id='word_1_794' title='bbox 1818 2557 1945 2597; x_wconf 87' lang='lat' dir='ltr'>Graeci</span> <span class='ocrx_word' id='word_1_795' title='bbox 1957 2559 2084 2599; x_wconf 86' lang='lat' dir='ltr'>dicunt</span> <span class='ocrx_word' id='word_1_796' title='bbox 2096 2562 2308 2613; x_wconf 60' lang='grc' dir='ltr'>κεετάλψις,</span> 
     </span>
     <span class='ocr_line' id='line_1_105' title="bbox 1203 2611 2306 2659; baseline 0.005 -11"><span class='ocrx_word' id='word_1_797' title='bbox 1203 2612 1310 2648; x_wconf 78' lang='lat' dir='ltr'>varie</span> <span class='ocrx_word' id='word_1_798' title='bbox 1337 2627 1360 2648; x_wconf 88' lang='lat' dir='ltr'>a</span> <span class='ocrx_word' id='word_1_799' title='bbox 1388 2611 1629 2649; x_wconf 82' lang='lat' dir='ltr'>Scholasticis</span> <span class='ocrx_word' id='word_1_800' title='bbox 1657 2612 1841 2659; x_wconf 80' lang='lat' dir='ltr'>sumitur,</span> <span class='ocrx_word' id='word_1_801' title='bbox 1879 2621 1919 2649; x_wconf 90' lang='lat' dir='ltr'>ut</span> <span class='ocrx_word' id='word_1_802' title='bbox 1947 2612 2120 2653; x_wconf 83' lang='lat' dir='ltr'>Petavins</span> <span class='ocrx_word' id='word_1_803' title='bbox 2148 2618 2306 2656; x_wconf 82' lang='lat' dir='ltr'>ostendit</span> 
     </span>
     <span class='ocr_line' id='line_1_106' title="bbox 1205 2663 2307 2719; baseline 0.005 -17"><span class='ocrx_word' id='word_1_804' title='bbox 1205 2663 1297 2702; x_wconf 85' lang='lat' dir='ltr'>Lib.</span> <span class='ocrx_word' id='word_1_805' title='bbox 1326 2664 1410 2702; x_wconf 84' lang='lat' dir='ltr'>Vll.</span> <span class='ocrx_word' id='word_1_806' title='bbox 1440 2664 1489 2702; x_wconf 79' lang='lat' dir='ltr'>(Ie</span> <span class='ocrx_word' id='word_1_807' title='bbox 1507 2663 1596 2701; x_wconf 87' lang='lat' dir='ltr'>Deo</span> <span class='ocrx_word' id='word_1_808' title='bbox 1625 2677 1710 2716; x_wconf 84' lang='lat' dir='ltr'>cap.</span> <span class='ocrx_word' id='word_1_809' title='bbox 1733 2664 1770 2702; x_wconf 85' lang='grc'>5.</span> <span class='ocrx_word' id='word_1_810' title='bbox 1801 2664 1834 2700; x_wconf 71' lang='grc'>8(</span> <span class='ocrx_word' id='word_1_811' title='bbox 1864 2664 1930 2711; x_wconf 61' lang='grc'>4.,</span> <span class='ocrx_word' id='word_1_812' title='bbox 1961 2667 2021 2703; x_wconf 89' lang='lat' dir='ltr'>sed</span> <span class='ocrx_word' id='word_1_813' title='bbox 2051 2675 2236 2719; x_wconf 80' lang='lat' dir='ltr'>quantum</span> <span class='ocrx_word' id='word_1_814' title='bbox 2258 2671 2307 2710; x_wconf 78' lang='lat' dir='ltr'>ad</span> 
     </span>
     <span class='ocr_line' id='line_1_107' title="bbox 1203 2716 2305 2771; baseline 0.006 -17"><span class='ocrx_word' id='word_1_815' title='bbox 1203 2729 1285 2754; x_wconf 87' lang='lat' dir='ltr'>rem</span> <span class='ocrx_word' id='word_1_816' title='bbox 1314 2726 1480 2756; x_wconf 87' lang='lat' dir='ltr'>nostram</span> <span class='ocrx_word' id='word_1_817' title='bbox 1501 2719 1654 2763; x_wconf 86' lang='lat' dir='ltr'>attinet,</span> <span class='ocrx_word' id='word_1_818' title='bbox 1684 2716 1969 2769; x_wconf 79' lang='lat' dir='ltr'>comprehensio</span> <span class='ocrx_word' id='word_1_819' title='bbox 1988 2718 2086 2758; x_wconf 86' lang='lat' dir='ltr'>nihil</span> <span class='ocrx_word' id='word_1_820' title='bbox 2108 2727 2159 2758; x_wconf 86' lang='lat' dir='ltr'>est</span> <span class='ocrx_word' id='word_1_821' title='bbox 2178 2721 2305 2771; x_wconf 89' lang='lat' dir='ltr'>aliud,</span> 
     </span>
     <span class='ocr_line' id='line_1_108' title="bbox 1194 2770 2304 2825; baseline 0.004 -18"><span class='ocrx_word' id='word_1_822' title='bbox 1194 2784 1319 2822; x_wconf 74' lang='lat' dir='ltr'>‘quam</span> <span class='ocrx_word' id='word_1_823' title='bbox 1348 2770 1492 2821; x_wconf 79' lang='lat' dir='ltr'>plena,</span> <span class='ocrx_word' id='word_1_824' title='bbox 1532 2770 1581 2809; x_wconf 53' lang='grc' dir='ltr'>Θ</span> <span class='ocrx_word' id='word_1_825' title='bbox 1610 2781 1662 2806; x_wconf 78' lang='lat' dir='ltr'>ex</span> <span class='ocrx_word' id='word_1_826' title='bbox 1692 2777 1768 2807; x_wconf 81' lang='lat' dir='ltr'>toto</span> <span class='ocrx_word' id='word_1_827' title='bbox 1805 2773 1862 2807; x_wconf 72' lang='lat' dir='ltr'>rei</span> <span class='ocrx_word' id='word_1_828' title='bbox 1886 2772 2060 2823; x_wconf 77' lang='lat' dir='ltr'>alicujus</span> <span class='ocrx_word' id='word_1_829' title='bbox 2102 2778 2271 2825; x_wconf 76' lang='lat' dir='ltr'>cognitio</span> <span class='ocrx_word' id='word_1_830' title='bbox 2292 2805 2304 2824; x_wconf 83' lang='lat'>‚</span> 
     </span>
     <span class='ocr_line' id='line_1_109' title="bbox 1202 2821 2306 2877; baseline 0.004 -17"><span class='ocrx_word' id='word_1_831' title='bbox 1202 2823 1255 2862; x_wconf 85' lang='lat' dir='ltr'>ita</span> <span class='ocrx_word' id='word_1_832' title='bbox 1284 2833 1323 2861; x_wconf 87' lang='lat' dir='ltr'>ut</span> <span class='ocrx_word' id='word_1_833' title='bbox 1351 2837 1426 2861; x_wconf 85' lang='lat' dir='ltr'>non</span> <span class='ocrx_word' id='word_1_834' title='bbox 1455 2821 1575 2859; x_wconf 80' lang='lat' dir='ltr'>solum</span> <span class='ocrx_word' id='word_1_835' title='bbox 1604 2822 1732 2860; x_wconf 87' lang='lat' dir='ltr'>omnia</span> <span class='ocrx_word' id='word_1_836' title='bbox 1767 2826 2048 2863; x_wconf 85' lang='lat' dir='ltr'>accuratissime</span> <span class='ocrx_word' id='word_1_837' title='bbox 2076 2840 2306 2877; x_wconf 77' lang='lat' dir='ltr'>cognoscan-</span> 
     </span>
     <span class='ocr_line' id='line_1_110' title="bbox 1195 2874 2305 2929; baseline 0.005 -15"><span class='ocrx_word' id='word_1_838' title='bbox 1195 2884 1290 2924; x_wconf 72' lang='lat' dir='ltr'>tur,</span> <span class='ocrx_word' id='word_1_839' title='bbox 1319 2877 1381 2914; x_wconf 85' lang='lat' dir='ltr'>sed</span> <span class='ocrx_word' id='word_1_840' title='bbox 1410 2877 1523 2913; x_wconf 84' lang='lat' dir='ltr'>etiam</span> <span class='ocrx_word' id='word_1_841' title='bbox 1552 2876 1606 2913; x_wconf 88' lang='lat' dir='ltr'>ita</span> <span class='ocrx_word' id='word_1_842' title='bbox 1625 2874 1753 2924; x_wconf 87' lang='lat' dir='ltr'>clare,</span> <span class='ocrx_word' id='word_1_843' title='bbox 1782 2875 1816 2912; x_wconf 68' lang='grc'>8(</span> <span class='ocrx_word' id='word_1_844' title='bbox 1836 2880 2062 2929; x_wconf 84' lang='lat' dir='ltr'>perspicue,</span> <span class='ocrx_word' id='word_1_845' title='bbox 2093 2888 2133 2916; x_wconf 87' lang='lat' dir='ltr'>ut</span> <span class='ocrx_word' id='word_1_846' title='bbox 2162 2878 2305 2919; x_wconf 84' lang='lat' dir='ltr'>clarius</span> 
     </span>
     <span class='ocr_line' id='line_1_111' title="bbox 1203 2924 2306 2982; baseline 0.005 -15"><span class='ocrx_word' id='word_1_847' title='bbox 1203 2930 1377 2981; x_wconf 85' lang='lat' dir='ltr'>cognosci</span> <span class='ocrx_word' id='word_1_848' title='bbox 1405 2936 1590 2980; x_wconf 83' lang='lat' dir='ltr'>nequeant</span> <span class='ocrx_word' id='word_1_849' title='bbox 1607 2953 1617 2964; x_wconf 84' lang='grc'>.</span> <span class='ocrx_word' id='word_1_850' title='bbox 1648 2924 1741 2966; x_wconf 87' lang='lat' dir='ltr'>Rem</span> <span class='ocrx_word' id='word_1_851' title='bbox 1761 2926 1859 2967; x_wconf 85' lang='lat' dir='ltr'>hanc</span> <span class='ocrx_word' id='word_1_852' title='bbox 1887 2931 2006 2968; x_wconf 88' lang='lat' dir='ltr'>nitide</span> <span class='ocrx_word' id='word_1_853' title='bbox 2026 2943 2095 2982; x_wconf 91' lang='lat' dir='ltr'>pro</span> <span class='ocrx_word' id='word_1_854' title='bbox 2115 2943 2219 2969; x_wconf 87' lang='lat' dir='ltr'>more</span> <span class='ocrx_word' id='word_1_855' title='bbox 2238 2946 2306 2972; x_wconf 88' lang='lat' dir='ltr'>suo</span> 
     </span>
     <span class='ocr_line' id='line_1_112' title="bbox 1203 2979 2305 3036; baseline 0.005 -17"><span class='ocrx_word' id='word_1_856' title='bbox 1203 2983 1354 3034; x_wconf 87' lang='lat' dir='ltr'>exponit</span> <span class='ocrx_word' id='word_1_857' title='bbox 1375 2981 1575 3031; x_wconf 80' lang='lat' dir='ltr'>Angelicus</span> <span class='ocrx_word' id='word_1_858' title='bbox 1594 2981 1624 3018; x_wconf 89' lang='grc' dir='ltr'>Ι.</span> <span class='ocrx_word' id='word_1_859' title='bbox 1644 2979 1685 3018; x_wconf 90' lang='grc' dir='ltr'><strong>Ρ.</strong></span> <span class='ocrx_word' id='word_1_860' title='bbox 1705 2991 1840 3033; x_wconf 85' lang='lat' dir='ltr'>quaest.</span> <span class='ocrx_word' id='word_1_861' title='bbox 1862 2992 1921 3021; x_wconf 82' lang='grc'>12.</span> <span class='ocrx_word' id='word_1_862' title='bbox 1951 2992 2022 3021; x_wconf 85' lang='lat' dir='ltr'>art.</span> <span class='ocrx_word' id='word_1_863' title='bbox 2046 2997 2081 3033; x_wconf 81' lang='lat'>7.</span> <span class='ocrx_word' id='word_1_864' title='bbox 2112 2983 2305 3036; x_wconf 85' lang='lat' dir='ltr'>inquiens:</span> 
     </span>
     <span class='ocr_line' id='line_1_113' title="bbox 1199 3033 2308 3090; baseline 0.004 -18"><span class='ocrx_word' id='word_1_865' title='bbox 1199 3049 1230 3084; x_wconf 38' lang='grc' dir='ltr'>Δΐ,·,</span> <span class='ocrx_word' id='word_1_866' title='bbox 1258 3034 1358 3073; x_wconf 86' lang='lat' dir='ltr'>illud</span> <span class='ocrx_word' id='word_1_867' title='bbox 1385 3033 1744 3084; x_wconf 83' lang='lat' dir='ltr'>comprehenditur,</span> <span class='ocrx_word' id='word_1_868' title='bbox 1786 3035 2078 3087; x_wconf 57' lang='grc' dir='ltr'><strong>(μιαί-1161164316</strong></span> <span class='ocrx_word' id='word_1_869' title='bbox 2114 3040 2308 3090; x_wconf 86' lang='lat' dir='ltr'>cognosci-</span> 
     </span>
     <span class='ocr_line' id='line_1_114' title="bbox 1205 3087 2307 3141; baseline 0.004 -16"><span class='ocrx_word' id='word_1_870' title='bbox 1205 3118 1232 3138; x_wconf 87' lang='grc'>,,</span> <span class='ocrx_word' id='word_1_871' title='bbox 1260 3096 1348 3132; x_wconf 81' lang='lat' dir='ltr'>tur3</span> <span class='ocrx_word' id='word_1_872' title='bbox 1379 3087 1541 3138; x_wconf 85' lang='lat' dir='ltr'>perfecte</span> <span class='ocrx_word' id='word_1_873' title='bbox 1569 3096 1695 3126; x_wconf 82' lang='lat' dir='ltr'>autem</span> <span class='ocrx_word' id='word_1_874' title='bbox 1725 3087 1984 3138; x_wconf 85' lang='lat' dir='ltr'>cognoscitur,</span> <span class='ocrx_word' id='word_1_875' title='bbox 2025 3089 2126 3141; x_wconf 89' lang='lat' dir='ltr'>quod</span> <span class='ocrx_word' id='word_1_876' title='bbox 2157 3098 2307 3130; x_wconf 88' lang='lat' dir='ltr'>tantum</span> 
     </span>
     <span class='ocr_line' id='line_1_115' title="bbox 1199 3140 2306 3192; baseline 0.006 -16"><span class='ocrx_word' id='word_1_877' title='bbox 1199 3168 1231 3191; x_wconf 79' lang='lat'>-„</span> <span class='ocrx_word' id='word_1_878' title='bbox 1261 3141 1522 3192; x_wconf 82' lang='lat' dir='ltr'>cognoscitur,</span> <span class='ocrx_word' id='word_1_879' title='bbox 1550 3149 1735 3192; x_wconf 85' lang='lat' dir='ltr'>quantum</span> <span class='ocrx_word' id='word_1_880' title='bbox 1765 3140 2017 3192; x_wconf 87' lang='lat' dir='ltr'>cognoscibile</span> <span class='ocrx_word' id='word_1_881' title='bbox 2044 3151 2120 3180; x_wconf 82' lang='lat' dir='ltr'>est:</span> <span class='ocrx_word' id='word_1_882' title='bbox 2152 3145 2247 3182; x_wconf 86' lang='lat' dir='ltr'>unde</span> <span class='ocrx_word' id='word_1_883' title='bbox 2275 3148 2306 3186; x_wconf 86' lang='lat' dir='ltr'>si</span> 
     </span>
     <span class='ocr_line' id='line_1_116' title="bbox 1205 3192 2305 3245; baseline 0.002 -13"><span class='ocrx_word' id='word_1_884' title='bbox 1205 3222 1232 3244; x_wconf 87' lang='lat'><strong>„</strong></span> <span class='ocrx_word' id='word_1_885' title='bbox 1260 3194 1299 3232; x_wconf 85' lang='lat' dir='ltr'>id</span> <span class='ocrx_word' id='word_1_886' title='bbox 1315 3223 1326 3241; x_wconf 87' lang='grc'><strong>,</strong></span> <span class='ocrx_word' id='word_1_887' title='bbox 1355 3192 1458 3245; x_wconf 82' lang='lat' dir='ltr'>quod</span> <span class='ocrx_word' id='word_1_888' title='bbox 1486 3200 1538 3240; x_wconf 88' lang='lat' dir='ltr'>est</span> <span class='ocrx_word' id='word_1_889' title='bbox 1562 3192 1820 3245; x_wconf 22' lang='lat' dir='ltr'>,cognoscibile</span> <span class='ocrx_word' id='word_1_890' title='bbox 1849 3205 1915 3245; x_wconf 86' lang='lat' dir='ltr'>per</span> <span class='ocrx_word' id='word_1_891' title='bbox 1934 3196 2128 3233; x_wconf 87' lang='lat' dir='ltr'>scientiam</span> <span class='ocrx_word' id='word_1_892' title='bbox 2150 3197 2305 3234; x_wconf 82' lang='lat' dir='ltr'>demon-</span> 
     </span>
     <span class='ocr_line' id='line_1_117' title="bbox 1205 3247 2302 3300; baseline 0.003 -16"><span class='ocrx_word' id='word_1_893' title='bbox 1205 3276 1231 3296; x_wconf 87' lang='lat'>„</span> <span class='ocrx_word' id='word_1_894' title='bbox 1261 3248 1453 3284; x_wconf 74' lang='lat' dir='ltr'>strativam</span> <span class='ocrx_word' id='word_1_895' title='bbox 1469 3275 1480 3294; x_wconf 85' lang='lat'>,</span> <span class='ocrx_word' id='word_1_896' title='bbox 1508 3247 1683 3298; x_wconf 88' lang='lat' dir='ltr'>opinione</span> <span class='ocrx_word' id='word_1_897' title='bbox 1712 3256 1877 3284; x_wconf 84' lang='lat' dir='ltr'>teneatur</span> <span class='ocrx_word' id='word_1_898' title='bbox 1897 3261 1940 3284; x_wconf 90' lang='lat' dir='ltr'>ex</span> <span class='ocrx_word' id='word_1_899' title='bbox 1961 3247 2090 3300; x_wconf 79' lang='lat' dir='ltr'>aliqua</span> <span class='ocrx_word' id='word_1_900' title='bbox 2109 3249 2302 3300; x_wconf 82' lang='lat' dir='ltr'>probabili</span> 
     </span>
     <span class='ocr_line' id='line_1_118' title="bbox 1205 3299 2303 3352; baseline 0.005 -16"><span class='ocrx_word' id='word_1_901' title='bbox 1205 3330 1229 3349; x_wconf 86' lang='grc'>,,</span> <span class='ocrx_word' id='word_1_902' title='bbox 1260 3299 1401 3337; x_wconf 83' lang='lat' dir='ltr'>ratione</span> <span class='ocrx_word' id='word_1_903' title='bbox 1430 3307 1633 3350; x_wconf 83' lang='lat' dir='ltr'>concepta,</span> <span class='ocrx_word' id='word_1_904' title='bbox 1663 3313 1738 3338; x_wconf 90' lang='lat' dir='ltr'>non</span> <span class='ocrx_word' id='word_1_905' title='bbox 1769 3300 2123 3352; x_wconf 83' lang='lat' dir='ltr'>comprehenditur:</span> <span class='ocrx_word' id='word_1_906' title='bbox 2153 3310 2239 3351; x_wconf 83' lang='lat' dir='ltr'>puta</span> <span class='ocrx_word' id='word_1_907' title='bbox 2271 3303 2303 3341; x_wconf 89' lang='lat' dir='ltr'>si</span> 
     </span>
    </p>
   </div>
   <div class='ocr_carea' id='block_1_8' title="bbox 1203 3350 2302 3441">
    <p class='ocr_par' dir='ltr' id='par_1_15' title="bbox 1203 3350 2302 3441">
     <span class='ocr_line' id='line_1_119' title="bbox 1203 3350 2302 3441; baseline 0.003 -51"><span class='ocrx_word' id='word_1_908' title='bbox 1203 3381 1230 3402; x_wconf 90' lang='lat'>„</span> <span class='ocrx_word' id='word_1_909' title='bbox 1258 3350 1356 3401; x_wconf 84' lang='grc'><strong>1106,</strong></span> <span class='ocrx_word' id='word_1_910' title='bbox 1385 3351 1488 3404; x_wconf 83' lang='lat' dir='ltr'>quod</span> <span class='ocrx_word' id='word_1_911' title='bbox 1515 3358 1569 3392; x_wconf 80' lang='lat' dir='ltr'>est</span> <span class='ocrx_word' id='word_1_912' title='bbox 1594 3352 1831 3405; x_wconf 84' lang='lat' dir='ltr'>triangulum</span> <span class='ocrx_word' id='word_1_913' title='bbox 1847 3383 1858 3401; x_wconf 85' lang='lat'>‚</span> <span class='ocrx_word' id='word_1_914' title='bbox 1888 3353 2028 3393; x_wconf 65' lang='lat' dir='ltr'>habere</span> <span class='ocrx_word' id='word_1_915' title='bbox 2055 3364 2127 3393; x_wconf 82' lang='lat' dir='ltr'>tres</span> <span class='ocrx_word' id='word_1_916' title='bbox 2146 3351 2302 3441; x_wconf 49' lang='lat' dir='ltr'>egignlos</span> 
     </span>
     <span class='ocr_line' id='line_1_120' title="bbox 2189 3417 2252 3441; baseline 0 0"><span class='ocrx_word' id='word_1_917' title='bbox 2189 3417 2252 3441; x_wconf 85' lang='lat' dir='ltr'>uo·</span> 
     </span>
    </p>
   </div>
  </div>
 </body>
</html>
