2577 3633
2126 135 2198 172 VII

184 194 471 260 Quamquam
505 194 720 243 infaustus
758 193 862 252 hic,
908 207 1043 260 quern
1078 210 1172 241 non
1210 196 1488 255 inficiamur,
1526 197 1611 246 'sed
1648 201 1745 264 plus
1783 219 1914 266 aequo
1949 205 2082 272 aliqui
2119 227 2256 273 exagss

117 274 304 327 gerant,
340 264 696 325 theologicarum
732 263 1083 327 disputationum
1119 262 1285 319 exitus,
1322 283 1510 323 omnes,
1546 279 1767 332 quotquot
1795 270 2049 320 Christiano
2075 279 2259 323 nomine

117 340 382 385 censentur,
419 330 661 376 admonere
696 329 874 375 deberet
908 329 964 374 de
1001 329 1254 374 necessitate
1290 329 1472 391 alicujus
1507 334 1622 390 vivi,
1658 346 1787 399 atque
1822 336 2056 385 infallibilis
2081 355 2260 390 contro-

118 394 359 443 versiarum
397 396 500 442 fidei
538 396 716 457 judicis,
761 396 886 457 cujus
920 411 1142 457 supremae
1179 396 1384 458 potestati
1421 399 1637 462 litigantes
1672 418 1830 448 omnes
1867 401 2092 452 humiliter
2128 410 2263 457 fasces

120 461 378 508 submittere
414 460 631 517 debeant,
666 463 760 508 sine
794 479 887 526 quo
923 461 1068 507 nullus
1104 460 1184 505 erit
1220 461 1390 518 litium,
1430 481 1478 508 ac
1514 469 1912 514 controversiarum
1938 471 2067 518 etiarn
2105 474 2160 520 de
2195 494 2263 522 re-

119 526 200 574 bus
252 528 515 591 gravissimis
560 529 684 575 sinis.
740 529 830 576 Sed
863 528 910 574 id
946 527 1119 583 obiter,
1166 528 1379 590 quoniam
1417 530 1461 574 in
1506 535 1731 594 superiore
1764 534 1880 580 libro
1927 534 2012 584 liae
2047 540 2101 585 de
2135 559 2182 587 re
2218 560 2263 588 a<

117 605 236 640 ctum
273 606 336 640 est
368 595 495 642 satis.

183 659 471 708 Dissimulare
507 672 656 708 tamen
689 657 779 708 hoc
812 660 914 707 loco
952 677 1044 707 non
1081 668 1263 723 possum
1310 660 1531 724 insignem
1587 667 1883 727 quorumdam
1920 668 2265 720 Protestantium

113 737 266 773 contra
302 745 410 784 nos,
445 729 733 792 putidamque
770 728 1063 784 calumniam,
1101 731 1183 790 nos
1218 726 1378 774 scilicet
1414 729 1468 775 ad
1505 728 1712 776 Ecclesiae
1749 737 2079 794 auctoritatem,
2139 743 2263 805 quasi

114 793 169 839 ad
204 811 377 841 sacrum
414 796 583 859 asylum
619 793 896 855 confugere,
955 794 1057 857 quia
1093 795 1209 839 viam
1247 794 1491 850 examinis,
1545 812 1593 841 ac
1641 797 1920 848 discussionis
1970 803 2146 853 fatalem
2181 807 2261 854 Ece

115 859 258 907 clesiae
293 861 517 908 Romanae
554 876 644 906 esse
678 861 924 907 sentimus.
983 861 1169 915 Fuluia,
1207 860 1414 924 inquam,
1452 873 1515 908 est
1550 860 1648 908 haec
1682 864 1922 924 calumnia,
1959 871 2027 915 cui
2062 873 2265 919 refellen-

115 927 183 972 dae
219 926 318 973 satis
354 938 416 973 est
452 927 495 972 in
531 926 795 972 memoriam
831 944 990 973 eorum
1026 943 1230 974 revocare
1268 927 1438 991 aliquos
1473 929 1628 975 saltem
1664 948 1721 976 ex
1754 933 1935 989 multis,
1971 947 2012 981 et
2046 940 2265 1000 praeclaris

117 993 196 1038 illis
232 991 473 1039 Catholicae
510 992 762 1055 Religionis
798 993 1110 1057 Apologistis‚
1146 995 1222 1057 qui
1257 1006 1413 1041 contra
1451 993 1729 1054 Lutherum‚
1765 1000 2030 1058 Calvinum,
2087 1023 2266 1052 eorum-

112 1076 199 1123 que
234 1058 412 1106 asseclas
448 1059 493 1105 in
530 1076 707 1106 arenam
746 1058 1087 1116 descenderunt,
1148 1077 1412 1125 causamque
1449 1061 1536 1109 Dei
1572 1063 1618 1108 in
1653 1062 1865 1111 omnibus
1911 1077 2018 1113 'tunc
2071 1072 2264 1119 excitatis

115 1126 423 1173 controversiis
458 1137 660 1179 strenue,
699 1125 968 1190 feliciterque
1006 1128 1129 1173 tutati
1164 1138 1291 1182 sunt,
1329 1145 1524 1191 quorum
1558 1147 1722 1193 agmen
1759 1131 1878 1178 ducit
1900 1133 2266 1188 ‘celebratissimus

112 1191 342 1238 Melchior
365 1191 514 1239 Canus
530 1193 603 1257 (a)
630 1192 943 1240 Dominicanae
962 1192 1162 1240 Familiae
1198 1192 1358 1253 decus3
1396 1212 1530 1258 quem
1555 1199 1857 1258 posteasseeuti
1875 1211 1976 1246 sunt
1991 1201 2122 1248 Card.
2144 1203 2263 1251 Robz

111 1257 403 1305 Bellarminus
429 1258 497 1321 (b)
519 1296 529 1315 ‚
567 1258 705 1305 Mart:
729 1258 931 1306 Becanus
947 1258 1014 1322 (c)
1035 1296 1046 1315 ‚
1083 1258 1245 1308 Jacob.
1273 1260 1511 1308 Gretserus
1543 1261 1622 1325 (d)
1641 1300 1650 1318 ‚
1688 1264 1848 1329 aliique
1873 1266 2261 1329 Controversistae3

109 1323 224 1371 inter
242 1341 353 1388 quos
378 1342 594 1387 magnum
616 1324 697 1371 sibi
723 1343 892 1371 nomen
910 1337 1225 1389 compararunt
1249 1325 1340 1372 duo
1362 1327 1539 1384 fratres,
1575 1330 1755 1376 scientia
1775 1366 1788 1387 ‚
1825 1332 1984 1396 pietate
2002 1370 2012 1389 ‚
2048 1346 2090 1380 et
2125 1335 2263 1397 dignie

111 1400 197 1437 tate
221 1391 474 1456 Episcopali
492 1409 637 1456 pares,
669 1392 921 1451 Adrianus,
957 1393 1167 1442 etPetrus
1185 1393 1240 1440 de
1257 1392 1583 1443 Walenburch
1598 1395 1685 1460 (e),
1719 1396 1758 1446 F
1759 1415 1879 1448 rane.
1894 1400 2133 1513 Veroniug
2147 1399 2234 1464 (f)
2254 1437 2263 1455 ,,

2136 1484 2201 1513 ar·-

117 1653 279 1708 aliisqtte
306 1654 506 1694 Fratribus
533 1655 581 1691 de
611 1653 926 1691 Millenariorum
955 1653 1128 1691 doctrina
1157 1652 1391 1703 disputasse,
1423 1653 1582 1706 ejusque
1609 1654 1874 1708 disputationis
1904 1660 2007 1698 hune
2037 1663 2153 1700 fuisse
2181 1666 2258 1702 exi*

113 1718 194 1745 tum
212 1736 222 1754 ‚
254 1715 294 1743 ut
320 1706 528 1753 Comeius,
559 1706 626 1756 qui
658 1703 773 1755 hujus
791 1705 973 1743 doctrinae
1003 1714 1157 1753 auctor,
1188 1705 1222 1741 &
1244 1706 1404 1756 signifer
1433 1707 1585 1756 fuerat,
1615 1720 1654 1745 se
1684 1712 1904 1749 convictum
1932 1713 2135 1755 fateretur„
2166 1715 2263 1753 'Vide

141 1773 199 1812 ag.
226 1758 312 1805 114.
342 1760 381 1797 in
411 1766 489 1797 not.
521 1757 639 1796 Aliud
668 1757 891 1810 exemplum
921 1757 1059 1796 addere
1088 1770 1313 1809 possumus,
1364 1760 1466 1810 quod
1495 1760 1541 1797 de
1569 1762 1693 1813 seipso
1721 1763 1836 1802 refert
1865 1762 2026 1804 Sanctus
2056 1768 2265 1819 Gregorius

110 1774 214 1864 ἕψει
242 1811 313 1850 lib.
334 1810 443 1850 XIV.
474 1809 698 1850 Moralium
715 1840 725 1860 ,
756 1810 903 1850 scilicet
933 1809 1173 1863 Eutychiani
1195 1810 1457 1850 Patriarcham
1476 1813 1802 1868 Constantinopol.
1832 1832 1896 1856 an.
1919 1817 2011 1857 582.
2040 1833 2171 1859 coram
2188 1822 2263 1860 ime

111 1874 283 1919 peratore
311 1866 477 1904 Orientis
507 1863 667 1904 Tiberio
696 1865 764 1914 11.‚
795 1878 860 1904 seu
888 1865 1137 1904 Constantino
1164 1865 1280 1904 fuisse
1308 1865 1541 1917 disputando
1570 1867 1749 1908 adactum
1779 1871 1827 1909 ad
1855 1884 2023 1911 errorem
2053 1874 2098 1911 de
2129 1887 2265 1927 corpo-

109 1919 217 1958 ribus
244 1919 500 1968 Sanctorum‚
529 1931 619 1972 quae
649 1918 790 1958 diversi
817 1919 964 1971 generis
994 1919 1123 1956 futura
1151 1927 1232 1971 post·
1262 1919 1577 1959 resurrectionem
1607 1923 1909 1974 praedicaverat,
1956 1926 2229 1978 deponendum
2252 1954 2266 1970 a

110 1973 199 2012 Alia
228 1972 398 2024 ejusdem
425 1974 574 2026 generis
603 1974 643 2012 in
672 1971 780 2013 Hist.
809 1972 925 2012 Eccl.
955 1973 1070 2011 etiam
1099 1972 1319 2010 recentioris
1362 1974 1483 2011 aetatis
1520 1986 1893 2016 commemorantur:
1940 1979 2159 2031 cujusmodi
2190 1981 2265 2020 fuit

114 2024 273 2066 celebris
301 2022 465 2066 collatio'
484 2029 582 2066 inter
609 2026 860 2077 Bossuetum,
907 2021 955 2068 &
984 2026 1364 2080 pseudo-ministrum
1395 2026 1633 2078 Claudium,
1679 2031 1821 2083 quibus
1864 2032 1980 2072 facile
2010 2034 2263 2073 revincuntur

115 2080 165 2127 ii,
195 2081 263 2133 qui
291 2081 560 2133 disputationes
589 2079 798 2134 polemicas
825 2081 873 2120 de
901 2080 1086 2133 religione
1115 2091 1191 2119 non
1220 2078 1344 2117 solum
1373 2086 1414 2118 ut
1442 2081 1596 2120 inutiles
1613 2112 1624 2132 ,
1662 2084 1727 2123 sed
1756 2085 1869 2137 plane
1899 2095 1939 2124 ut
1967 2087 2196 2139 perniciosas
2225 2101 2262 2124 e.

115 2132 345 2173 liminandas
375 2147 451 2173 esse
480 2135 640 2180 volunt3
670 2142 712 2173 ut
741 2133 866 2175 Mieh.
893 2132 1101 2186 Montagne
1130 2135 1169 2172 in
1197 2133 1274 2172 suis
1302 2130 1449 2171 Essais
1478 2133 1525 2174 L.
1547 2135 1614 2174 111.
1644 2148 1680 2175 c.
1701 2137 1769 2187 8.‚
1799 2139 1834 2176 &
1855 2138 1986 2178 Petrus
2015 2140 2158 2178 Baelius
2187 2141 2262 2178 fre-

112 2196 269 2238 quenter
298 2189 337 2227 in
368 2189 489 2240 impio
518 2201 585 2227 suo
613 2187 897 2227 Dictionarc'o.
954 2188 1095 2226 Contra
1123 2198 1216 2239 quos
1259 2185 1384 2226 videri
1414 2187 1530 2225 etiam
1566 2197 1684 2240 potest
1712 2191 1771 2230 ιῙο.
1802 2192 1924 2230 Feclit
1952 2192 2194 2232 Lutlieranus
2225 2195 2267 2233 in

111 2239 214 2279 Diss.
244 2240 291 2279 de
319 2241 446 2280 studio
477 2239 665 2295 Theolog.
694 2241 848 2281 Polem.
877 2241 947 2280 ubi
975 2241 1100 2279 multo
1130 2240 1258 2293 plures
1287 2248 1486 2278 enumerat
1516 2239 1654 2280 harum
1697 2244 1997 2298 disputationum
2028 2246 2180 2292 hostes3
2229 2245 2264 2283 &t

116 2292 207 2331 tales
237 2293 466 2348 plerumque
494 2304 580 2335 sunt
600 2295 822 2335 Arminiani
839 2326 850 2345 ‚
879 2294 1025 2347 aliique
1045 2292 1281 2332 Tolerances
1297 2322 1307 2341 ,
1338 2292 1398 2332 vel
1418 2290 1745 2342 Indzfferentz'stoe
1760 2328 1771 2346 ‚
1801 2311 1896 2351 quos
1925 2301 2069 2338 mirum
2091 2313 2165 2338 non
2186 2307 2263 2350 est,

119 2345 338 2399 theologicis
365 2349 686 2403 disputationibus
713 2348 864 2389 bellum
893 2349 1075 2400 indicere,
1105 2356 1146 2386 ut
1173 2347 1362 2400 pacificus
1392 2356 1520 2400 regnet
1549 2349 1918 2402 Indifferen'tismus.

175 2400 239 2452 (a)
269 2401 409 2440 Notum
436 2402 616 2442 omnibus
645 2412 698 2442 est
728 2402 811 2456 ejus
838 2415 935 2455 opus
962 2416 1040 2441 non
1068 2403 1197 2440 minus
1227 2400 1376 2453 elegans
1394 2431 1404 2449 ‚
1434 2415 1553 2454 quam
1581 2400 1746 2441 solidum
1775 2400 1825 2441 de
1852 2404 1949 2442 locis
1977 2404 2204 2458 theologicis
2225 2406 2264 2444 in

123 2465 183 2492 12.
214 2453 332 2494 libros
359 2455 632 2506 distributum,
678 2457 791 2510 cujus
821 2457 944 2510 elogia
979 2456 1102 2498 videri
1131 2463 1285 2508 possunt
1327 2456 1366 2493 in
1395 2452 1479 2507 'ejus
1508 2453 1831 2495 vindicationibus
1866 2471 1889 2495 a
1918 2457 1960 2497 P.
1990 2458 2117 2510 Hyac0
2146 2459 2267 2511 Sei-ry

116 2506 308 2545 adornatis
336 2520 371 2546 c.
398 2520 433 2547 1.

168 2558 226 2610 (b)
256 2561 301 2598 Iu
329 2560 481 2612 primo,
511 2560 546 2597 ἃ
573 2561 741 2601 secundo
768 2561 894 2602 'romo
922 2562 971 2603 de
1000 2565 1274 2602 controversiis
1307 2561 1548 2601 Christianae
1564 2561 1695 2616 fidei.
1939 2616 1943 2618 .

171 2613 229 2664 (c)
260 2612 303 2652 In
333 2613 464 2653 Tract.
492 2613 543 2653 de
569 2613 709 2654 Judtce
736 2625 940 2666 controv„
978 2629 1036 2654 an
1065 2616 1273 2669 Scriptura
1300 2620 1350 2655 sic
1367 2645 1378 2665 ,
1408 2630 1465 2655 an
1492 2621 1617 2668 potius
1645 2613 1870 2654 Ecclesia?
1925 2616 1974 2655 Et
2005 2616 2045 2656 in
2076 2617 2263 2671 Apologia

118 2663 167 2704 de
188 2665 325 2719 judice
352 2674 528 2707 controv.

170 2718 230 2772 (d)
261 2719 388 2759 Multa
415 2720 478 2761 hic
508 2719 818 2763 foectindissimus
846 2723 1018 2777 Scriptor
1046 2722 1167 2764 edidit
1197 2730 1328 2763 contra
1356 2723 1610 2771 Lutheranos,
1652 2732 1821 2775 'quorum
1850 2723 2022 2762 malleus
2051 2724 2267 2776 appellatus

115 2771 216 2820 fuit3
245 2774 308 2813 sed
336 2773 384 2812 ad
411 2788 495 2814 rem
524 2784 689 2815 nostram
717 2778 885 2817 maxime
915 2780 1075 2830 pertinet
1102 2778 1187 2831 ejus
1216 2778 1403 2831 Dialogus
1431 2777 1630 2828 inscriptus
1657 2776 1817 2826 Bevus,
1846 2777 1896 2818 (θ’
1925 2777 2098 2815 Maevius
2128 2777 2176 2816 de
2188 2779 2257 2830 ju·

117 2825 203 2865 <tice
230 2833 592 2868 controversiarum
608 2855 620 2869 .

176 2880 235 2932 (e)
266 2880 392 2920 Patria
421 2892 525 2921 erant
553 2880 928 2934 Rotterodamenses‚
965 2886 1030 2925 sed
1058 2885 1231 2925 Coloniae
1259 2886 1379 2924 vitam
1408 2881 1611 2935 degerunt,
1640 2883 1821 2937 pluribus
1850 2882 2168 2936 disputationibus
2190 2914 2201 2932 ‚
2231 2885 2265 2921 ἃ

117 2935 266 2987 scriptis
294 2933 496 2987 polemicis
537 2934 657 2987 clari,
706 2953 795 2992 quae
824 2939 972 2978 duobus
1000 2939 1149 2979 volum.
1189 2941 1230 2978 in
1261 2938 1353 2977 folio
1382 2936 1548 2975 Coloniae
1576 2938 1798 2989 prodierunt
1835 2950 1933 2976 anno
1968 2936 2082 2988 1670.
2113 2937 2267 2976 Potissi=

117 3001 227 3026 mum
257 2987 434 3027 laudatur
462 3002 594 3028 eorum
622 2989 834 3031 Methodus
863 2993 1164 3044 Augicstz'niana
1181 3020 1192 3041 ,
1231 2994 1271 3031 in
1300 3007 1376 3044 qua
1404 2990 1636 3041 apertissime
1664 2990 1871 3029 ostenditur
1888 3020 1899 3038 ,
1929 2988 2175 3029 Protestantes
2192 3019 2203 3038 ‚
2233 2992 2268 3028 si

118 3042 195 3080 suis
224 3043 426 3095 principiis
456 3043 647 3083 inhaerere
674 3044 819 3095 velint,
848 3045 957 3084 nullo
986 3046 1099 3084 modo
1128 3059 1236 3095 posse
1265 3049 1329 3083 via
1359 3046 1560 3083 examinis
1588 3043 1847 3083 demonstrare
1876 3045 2074 3082 veritatem
2105 3055 2267 3081 suorum

122 3093 340 3145 dogmatum
356 3127 366 3144 ‚
397 3096 430 3133 8t
461 3096 664 3136 falsitatem
685 3110 897 3138 nostrornm
916 3124 926 3137 .
956 3099 1103 3138 Eorum
1128 3098 1344 3138 Tractatus
1371 3096 1419 3135 de
1447 3102 1718 3137 controversiis
1744 3097 1955 3150 generales
1984 3100 2182 3134 contracti
2206 3109 2265 3134 re=

126 3147 205 3183 cusi
234 3158 317 3187 sunt
346 3149 589 3190 Vindobonae
618 3167 682 3191 an.
710 3153 824 3205 1778.
2190 3203 2198 3212 ἡ

178 3199 244 3250 (f)
273 3203 347 3241 Hie
376 3204 494 3243 edidit
523 3204 676 3245 Gallice
703 3205 763 3246 Le
791 3206 972 3246 methode
1000 3207 1049 3246 de
1078 3211 1217 3246 traiter
1245 3208 1302 3245 les
1329 3212 1596 3244 controverses
1624 3204 1673 3244 de
1704 3205 1746 3243 Za
1776 3203 1985 3257 Religion»,
2022 3216 2111 3256 quae
2141 3203 2214 3241 fuit
2242 3215 2265 3240 a

125 3249 236 3293 Clero
264 3255 470 3298 Gallicano
498 3259 641 3301 inserta
668 3261 767 3302 inter
795 3260 990 3303 methodos
1018 3261 1259 3304 convertendi
1287 3259 1699 3312 pseudo—reformatos„
1734 3258 1837 3299 Eum
1867 3268 1993 3299 tamen
2021 3262 2265 3310 praecesserat
