2577 3633
776 133 904 179 ᾸΡΡ.
935 122 1015 178 DE
1050 132 1284 179 VERSIC.
1323 140 1424 180 Tres
1455 147 1554 182 sunt
1581 135 1662 183 Ἐπ’.
2249 148 2303 189 25

72 209 226 255 abunde
266 218 460 262 constare,
500 211 649 252 codices
678 211 773 253 alios
814 215 912 254 bene
939 212 1105 262 multos,
1149 214 1183 249 ἃ

72 271 244 323 probatae
274 267 390 316 fidei,
419 266 553 305 latinos
574 270 784 320 praesertim
803 298 814 317 ,
843 268 1078 307 versiculum
1092 280 1183 306 con-

71 334 284 362 troversum
312 319 452 359 habere
468 335 479 367 3
519 334 584 358 eos
612 333 699 360 vere
729 335 805 360 esse
833 321 921 360 aliis
949 331 1181 374 anteponen-

74 377 139 415 dos
165 374 315 413 duabus
357 370 568 412 rationibus
603 375 844 413 demonstro.
891 374 1046 422 Primo,
1089 375 1183 427 quia

71 427 187 468 facile
215 428 430 479 contingere
459 429 607 480 potuit,
645 430 779 478 unius,
822 437 887 467 aut
933 427 1105 481 plurium
1136 427 1182 466 li-

73 481 293 520 brariorum
312 481 508 520 oscitantia
525 511 536 529 ,
564 490 605 519 ut
634 495 761 521 versus
790 483 971 535 septimus
999 490 1065 520 aut
1083 490 1186 520 octa-

74 545 124 573 vo
152 541 464 588 postponeretur,
506 544 570 573 aut
607 534 720 587 pla-ne
746 537 1006 583 omitteretur,
1047 535 1186 587 praeci·

74 600 152 640 pue
181 589 274 640 quia
302 588 435 626 eadem
465 588 581 626 verba
618 598 694 627 tam
725 591 763 627 in
805 590 1025 642 principiO,
1067 601 1185 640 quam

75 644 118 680 in
147 640 225 680 fine
253 639 394 690 habet,
425 655 468 680 ac
498 655 628 680 versus
656 652 810 681 octavas
828 669 839 681 .
886 641 1032 681 Similis
1063 640 1184 693 negli-

71 695 211 745 gentiae
240 703 380 746 praesto
408 704 491 733 sunt
519 695 695 747 exempla
724 709 796 734 non
815 709 938 748 pauca
957 724 966 733 .
993 695 1036 733 S.
1053 696 1187 732 Hiero-

70 760 215 800 nymus
236 748 324 786 Lib.
342 748 410 786 VI.
444 746 667 786 Commeat.
697 749 961 787 inJeremiam
989 747 1186 796 observat,

69 811 224 839 versum
255 801 627 855 decimumquintum
647 815 733 855 cap.
748 801 817 840 III.
845 800 1022 840 Jeremiae
1042 802 1187 839 deside-

74 854 153 892 rari
195 856 299 907 apud
327 852 457 894 LXX.
487 855 737 908 Interpretes,
769 856 918 893 incuria
943 856 1186 906 exscriptoris

75 909 375 959 praetermissum
393 939 404 957 ,
432 918 587 963 propter
613 922 658 946 ea
684 906 803 946 verba
830 906 891 946 bis
910 906 1070 959 repetita
1099 920 1187 958 pro-

74 969 160 1009 pier
189 960 484 1000 multitudinem
524 964 746 1011 iniquitatis
773 973 894 1005 suae;
936 962 1115 1013 idemque
1144 959 1185 999 S.

74 1014 336 1068 Hieronymus
356 1014 444 1053 Lib.
465 1014 536 1052 XI.
564 1015 604 1051 in
631 1014 772 1063 isaiam
792 1026 827 1051 c.
849 1014 914 1059 4ο.
944 1014 1050 1052 aliud
1080 1015 1187 1052 simi-

74 1066 109 1105 le
138 1067 359 1120 exemplum
388 1065 523 1104 affert.
565 1063 608 1103 P.
637 1063 892 1105 Martianaeus
929 1068 1111 1105 disserens
1140 1068 1186 1105 de

73 1130 225 1159 auctore
253 1119 414 1171 Prologi
442 1121 483 1155 in
512 1119 700 1170 epistolas
729 1124 951 1158 canonicus
980 1120 1154 1159 observat
1175 1150 1185 1170 ,

71 1188 94 1210 a
122 1172 354 1225 quibusdam
383 1171 555 1211 librariis
584 1173 699 1211 fuisse
727 1174 913 1212 omissum
949 1174 1186 1212 versiculum

71 1224 138 1276 57.
167 1239 201 1264 c.
222 1225 334 1264 XXI.
363 1225 475 1264 Josue
516 1233 673 1279 propter
711 1227 936 1265 ‘eorumdem
977 1227 1185 1266 verborum

68 1280 359 1331 repetitionem:
404 1283 582 1318 civitates
611 1288 779 1330 quatuor
807 1293 898 1317 cum
941 1280 1188 1319 suburbanus

72 1335 151 1369 suis
166 1347 182 1377 ,-
213 1331 370 1370 ulterius
400 1333 546 1370 invenit
565 1330 781 1370 Vallarsius
808 1334 979 1372 codicem
1010 1343 1186 1386 pervetu-

68 1394 172 1423 stum
192 1385 363 1438 Capituli
385 1384 613 1424 Veronensis
630 1415 642 1434 ,
670 1387 710 1424 in
739 1399 816 1438 quo
844 1387 1055 1426 versiculus
1082 1396 1185 1425 octa-

71 1450 142 1475 vus
171 1438 478 1486 desiderabatur,
507 1439 553 1476 de
568 1437 682 1490 cujus
697 1447 825 1478 tamen
855 1438 1040 1480 adeevra'a
1071 1453 1185 1477 nemo

70 1489 219 1529 dubitat
249 1493 264 1541 (
295 1491 419 1529 Tomo
439 1491 491 1529 X.
520 1492 692 1545 Operum
723 1492 763 1530 S.
794 1492 1025 1544 Hieronymi
1055 1493 1104 1541 ).
1136 1495 1186 1531 A·

69 1542 169 1581 lium
200 1544 364 1582 similem
395 1546 565 1584 codicem
596 1545 764 1598 publicae
807 1544 1051 1584 bibliothecas¹
1082 1546 1185 1584 Basi-

71 1595 209 1635 leensis
251 1607 443 1636 carentem
485 1598 675 1637 versiculo
715 1608 847 1638 octavo
874 1608 1061 1637 memorat
1090 1598 1184 1638 Era-

71 1664 177 1689 smus
207 1651 255 1688 ad
283 1650 387 1690 hunc
415 1651 570 1691 locum.
601 1653 778 1705 Denique
807 1666 852 1690 ne
881 1651 1054 1690 infinitus
1083 1654 1153 1690 sim
1172 1682 1182 1701 ,

73 1703 321 1743 simillimum
350 1704 572 1756 exemplum
600 1704 787 1743 habemus
807 1707 846 1742 in
861 1705 950 1743 Lib.
970 1706 1000 1741 Ι.
1031 1706 1183 1742 Facun-

71 1757 110 1794 di
141 1757 433 1794 Hermianensis
457 1769 530 1807 pro
558 1756 716 1807 defens.
745 1760 865 1793 trium
889 1756 1183 1805 capitulorum,

71 1808 139 1846 ubi
169 1810 271 1846 enim
314 1809 457 1846 dicitur
484 1823 570 1862 cap.
591 1809 630 1848 5.
658 1808 748 1847 edit.
778 1809 999 1847 Parisiensis
1028 1807 1070 1846 P.
1100 1809 1184 1846 Jac.

70 1860 290 1900 Sirmoncli:
319 1874 400 1899 non
430 1875 524 1914 ergo
553 1866 611 1900 az't
638 1862 843 1911 Ioannes,
873 1871 953 1898 tres
981 1871 1071 1899 sunt
1098 1874 1185 1912 per-

73 1927 181 1952 sonoe
197 1945 207 1964 ,
237 1927 326 1966 quoe
341 1914 610 1969 testificantur
624 1919 665 1953 in
684 1924 795 1954 terra
813 1946 823 1964 ‚
844 1919 1021 1967 spiritus,
1051 1927 1161 1966 aqua
1174 1945 1184 1964 ,

72 1968 122 2009 (θ’
151 1973 316 2021 sanguis
333 1999 344 2017 ,
373 1968 411 2007 ἤι’
439 1978 518 2008 tres
534 1983 656 2007 unum
672 1979 764 2008 sunt
786 1997 796 2008 .
830 1968 934 2020 Quid
962 1983 1056 2021 ergo
1084 1970 1185 2017 δια»,

71 2036 256 2074 magnum
286 2023 471 2062 mendum
500 2023 641 2072 cubat,
671 2021 772 2076 quod
801 2024 842 2061 in
870 2022 1031 2074 editione
1060 2021 1186 2060 Vene-

62 2082 106 2113 'ta
134 2077 224 2114 anni
251 2075 365 2128 1728.
395 2090 440 2114 ex
459 2076 658 2115 collatione
685 2089 777 2115 cum
805 2077 1070 2129 antiquissimo
1090 2073 1185 2114 Mss.

69 2128 244 2180 Capituli
259 2129 490 2168 Veronensis
514 2130 714 2169 sublatum
743 2139 822 2178 est,
853 2139 964 2182 atque
994 2131 1044 2167 ita
1073 2129 1185 2166 lectio

70 2182 242 2219 restituta
264 2211 275 2230 ,
304 2195 386 2219 non
416 2194 510 2234 ergo
539 2187 596 2220 ait
624 2182 803 2221 Joanzzes
820 2196 833 2219 ς
862 2192 946 2220 tres
973 2191 1064 2219 ‚sunt
1093 2194 1180 2232 per-

72 2246 210 2282 sonae,
255 2247 343 2285 qnae
371 2235 640 2288 testificantur
668 2240 710 2273 in
738 2245 848 2273 terra
870 2265 880 2284 ,
922 2239 1079 2286 spiritus
1096 2264 1106 2282 ,
1138 2248 1184 2272 cz-

74 2299 182 2337 qua,
219 2287 268 2327 ὠ
296 2292 461 2339 sanguis
482 2317 493 2336 ,
536 2289 586 2329 <9⁶
615 2287 651 2326 hi
680 2297 761 2326 tres
789 2301 913 2326 unum
942 2298 1057 2325 sunt.
1106 2287 1184 2326 Sed

75 2339 147 2378 hoc
175 2344 328 2391 potius:
358 2349 437 2379 tres
464 2351 582 2389 sunt,
612 2344 675 2393 qui
695 2341 961 2394 testificantur
989 2345 1030 2378 in
1050 2350 1182 2390 terra,

74 2397 259 2445 spiritus,
307 2407 442 2443 aqua,
485 2395 535 2434 &
564 2398 757 2446 sanguis,
801 2395 850 2435 (θ’
880 2394 917 2432 hi
945 2404 1024 2433 tres
1060 2407 1184 2432 unum

73 2455 193 2486 sunt.
239 2446 343 2498 Quid
371 2460 465 2499 ergo
492 2448 580 2489 &a
618 2448 700 2486 Hoc
738 2446 922 2486 mendum
952 2449 1102 2487 nonnisi
1131 2450 1187 2486 in-

75 2502 184 2538 curia
213 2501 451 2553 exscriptoris
489 2501 634 2539 factum
663 2509 738 2539 est:
782 2500 901 2539 simili
948 2503 1077 2554 itaque
1105 2515 1187 2540 mo—

71 2555 123 2591 do
151 2553 221 2592 Sto.

134 2607 221 2645 161.
251 2605 427 2646 Secunda
455 2608 553 2646 ratio
588 2605 823 2661 prae'ferendi
868 2607 1014 2646 codices
1043 2614 1188 2647 nostros

79 2660 276 2698 codicibus
304 2662 609 2700 adversariorum
639 2661 724 2700 haec
754 2670 832 2710 est,
862 2663 955 2714 quia
986 2663 1048 2700 vix
1079 2663 1183 2700 credi

75 2722 226 2765 potest,
257 2714 433 2762 malitia,
477 2715 536 2753 vel
567 2729 656 2753 casu
692 2716 808 2753 fuisse
836 2729 880 2753 ea
909 2714 1026 2754 verba
1054 2724 1185 2753 notatu

73 2767 298 2819 dignissima
320 2798 330 2816 ,
360 2767 394 2804 St
422 2782 494 2805 non
522 2783 644 2820 pauca
662 2798 672 2816 ,
703 2782 747 2805 ex
777 2770 946 2820 margine
976 2770 1013 2806 in
1042 2777 1184 2806 textum

75 2820 216 2860 intrusa
233 2848 244 2859 .
273 2820 402 2859 Primo
421 2823 523 2859 enim
546 2835 619 2859 non
639 2822 843 2870 defuisset,
872 2823 939 2874 qui
959 2822 1065 2859 illico
1081 2823 1184 2860 frau-

77 2871 162 2911 dem
179 2904 190 2922 ,
218 2874 279 2912 vel
301 2888 464 2912 errorem
487 2875 704 2913 subodorati
722 2883 867 2923 essent,
896 2874 1050 2912 nullum
1067 2877 1181 2928 quip-

79 2937 128 2974 pe
156 2939 323 2979 unquam
352 2928 426 2966 fuit
455 2929 757 2968 additamentum
787 2928 930 2966 factum
948 2957 959 2976 ,
987 2930 1087 2981 quod
1104 2942 1180 2967 non

80 2980 204 3015 statim
232 2982 332 3018 acuti
362 2980 534 3020 homines
564 2995 635 3020 non
667 2981 1034 3020 animadverterint.
1077 2981 1179 3019 Prae-

78 3037 180 3067 terea
206 3032 245 3069 in
272 3032 493 3083 hujusmodi
529 3035 786 3073 additionibus
826 3036 1042 3087 perturbari
1088 3034 1181 3073 solet

78 3082 285 3134 periocha,
327 3085 361 3121 St
390 3096 508 3126 textus
537 3090 690 3128 vitiari:
733 3088 796 3126 hie
825 3098 955 3126 contra
985 3090 1180 3140 aptissime

83 3135 168 3174 ssuit
197 3145 388 3176 contextus
406 3143 525 3191 posito
543 3142 813 3188 eoversict1103
841 3141 1083 3195 perturbatur
1111 3156 1179 3180 au-

81 3296 194 3329 'sicnlo
223 3296 399 3336 caruisse,
438 3306 610 3341 testatur-5
647 3300 738 3336 uncle
775 3300 1009 3344 concludunt,
1047 3302 1081 3336 in
1109 3303 1184 3335 aliis

82 3353 205 3376 novem
232 3343 407 3375 extitisse.
451 3343 514 3376 Sed
542 3347 654 3381 minus
690 3359 809 3390 recte3
845 3363 926 3384 nam
963 3362 1005 3384 ex
1032 3351 1101 3383 illis
1132 3349 1184 3382 16-

191 3388 429 3441 Gazzcmiga
462 3388 593 3429 Uzeol.
622 3393 733 3433 Tom.
764 3397 831 3434 ΙΙΙ.

1248 223 1354 264 tem,
1386 230 1429 254 eo
1457 220 1621 257 omisso.
1652 216 1819 256 Demum
1850 219 1880 256 si
1911 235 1932 258 a
1961 219 2109 260 Latinis
2138 222 2235 262 facta
2266 224 2360 263 fuis-

1248 277 1303 306 'set
1322 268 1405 308 haec
1427 272 1591 320 additio,
1620 272 1810 324 quomodo
1831 286 1914 309 eam
1936 275 2012 310 sine
2034 289 2231 313 murmure
2247 277 2359 315 Grae-

1249 322 1286 359 ci
1310 326 1581 375 suscepissent,
1610 326 1833 364 Latinorum
1857 325 1988 363 aemuli
2003 357 2012 374 ,
2043 342 2087 366 ac
2107 328 2229 368 hostes
2249 344 2358 382 aper-

1251 373 1310 412 ti?
1352 374 1400 413 Et
1428 379 1595 416 vicissim
1624 391 1702 418 non
1741 379 1952 417 tacuissentv
1973 379 2127 430 Latini,
2169 383 2199 421 si
2230 383 2360 424 Graeci

1252 428 1291 466 id
1320 436 1515 469 tentassent
1537 458 1548 470 .

1309 479 1399 519 ³62.
1428 483 1534 521 ‘Nihil
1563 494 1691 524 autem
1716 481 1846 524 valent
1886 484 2115 536 conjecturae
2146 503 2167 526 a
2195 487 2364 530 Simonio

1253 531 1382 572 allatae
1404 534 1579 575 codicum
1597 569 1607 587 ,
1635 540 1676 577 in
1697 539 1838 590 quibus
1866 538 2076 578 versiculus
2105 540 2164 577 vel
2195 542 2242 578 ad
2264 557 2365 581 mar-

1254 587 1380 639 ginem
1398 617 1408 635 ,
1452 589 1511 626 vel
1541 606 1653 642 supra
1681 588 1820 630 lineam
1856 595 2020 644 ’scriptus
2049 593 2153 639 fuit3
2195 606 2269 631 non
2300 597 2364 633 de-

1252 648 1339 677 sunt
1357 642 1460 677 enim
1478 643 1627 680 codices
1657 647 1872 683 vetustiores
1894 676 1904 694 ,
1933 647 2001 697 qui
2031 645 2263 684 versiculum
2300 663 2367 686 suo

1254 691 1527 740 locol1abe11t3
1559 696 1656 733 uude
1682 700 1809 749 potius
1830 699 2033 737 dicendum
2056 707 2134 748 est,
2163 699 2365 752 librarios,

1251 748 1456 785 omissione
1485 749 1750 789 animadversa
1768 782 1777 799 ,
1806 752 2018 800 defectum,
2048 753 2103 790 uti
2133 762 2363 804 potuerunt,

1248 800 1430 852 supplere
1451 802 1636 840 voluisse.
1667 803 1767 841 Hinc
1800 818 2077 857 nonnunquam
2102 806 2234 844 eadem
2256 821 2364 859 pror·-

1251 867 1317 892 sus
1346 867 1465 893 manu
1492 855 1706 894 vversiculus
1735 857 1882 896 additus
1911 860 2126 910 reperitur,
2162 868 2204 896 ut
2230 861 2271 899 in
2300 875 2362 900 co*

1253 907 1337 945 dice
1365 906 1458 946 otim
1488 908 1707 960 Corbejensi
1728 939 1739 958 ,
1764 922 1868 948 nunc
1897 911 2242 962 sangermanensi.

1312 960 1401 999 165.
1428 962 1544 1010 Quod
1571 963 1618 1000 de
1646 963 1834 1001 versiculo
1858 978 1918 1016 ¹9·
1935 960 2059 1003 c.'1V.
2088 966 2128 1004 S.
2150 966 2266 1005 Lucae
2295 967 2363 1006 ob-

1254 1013 1398 1065 jectum
1428 1016 1525 1064 fuit,
1565 1017 1691 1068 primo
1718 1029 1792 1054 non
1822 1027 1871 1055 est
1899 1027 2042 1055 certum
2062 1049 2072 1067 ,
2116 1019 2150 1056 ἃ
2179 1022 2235 1058 nil
2263 1022 2368 1061 valet

1255 1068 1485 1119 exemplum
1502 1100 1512 1118 ,
1542 1070 1648 1107 litem
1672 1069 1774 1121 quod
1795 1071 1860 1108 lite
1879 1071 2053 1110 resolvit.
2083 1071 2258 1112 Secundo
2272 1088 2364 1114 cum

1252 1121 1323 1159 illa
1353 1135 1476 1173 pauca
1504 1124 1621 1161 verba
1639 1123 1789 1161 nullam
1812 1126 2103 1163 controversiam
2124 1128 2363 1179 contineant,

1253 1176 1402 1212 etiamsi
1433 1176 1478 1213 de
1505 1178 1680 1228 margine
1701 1178 1740 1215 in
1760 1186 1903 1215 textum
1926 1179 2149 1229 migrassent
2170 1209 2180 1227 ,
2211 1182 2365 1220 facilius

1253 1229 1293 1266 id
1323 1230 1498 1279 potuisset
1528 1229 1794 1278 dissimulari,
1824 1240 1886 1268 aut
1917 1231 2110 1282 ignorari,
2140 1246 2258 1284 quam
2276 1247 2363 1272 ver-

1250 1281 1395 1319 siculus
1424 1282 1556 1320 Sancti
1585 1281 1762 1332 Joaunis,
1793 1285 1861 1335 qui
1891 1285 2051 1322 maximi
2078 1289 2263 1324 momenti
2290 1296 2367 1325 est.

1309 1333 1398 1379 164.
1430 1335 1504 1373 Ob.
1533 1336 1691 1374 ultimo.
1721 1336 1763 1374 Si
1789 1337 2002 1375 versiculus
2032 1347 2287 1377 controversus
2300 1354 2365 1392 ge-

1254 1387 1393 1425 nuinus
1432 1398 1551 1436 esset,
1604 1403 1648 1426 eo
1677 1399 1775 1428 certe
1817 1392 1875 1428 usi
1906 1391 2062 1429 fuissent
2088 1391 2132 1429 S.
2160 1391 2288 1430 Patres
2316 1394 2365 1432 ad

1251 1438 1415 1478 baereses
1444 1443 1692 1480 confutandas
1714 1472 1724 1490 ,
1754 1456 1842 1495 quas
1872 1443 2016 1481 divinae
2049 1444 2250 1483 Trinitatis
2276 1458 2363 1498 my-

1251 1494 1408 1530 sterium
1439 1495 1760 1546 corrumpebant3
1804 1497 1910 1547 atqui
1940 1497 2118 1534 eumdem
2148 1498 2225 1535 alto
2253 1498 2366 1537 silen-

1252 1547 1303 1583 tio
1332 1555 1563 1598 praetereuut
1592 1561 1687 1598 pene
1715 1561 1872 1596 omnes,
1902 1552 2036 1600 paucis
2065 1549 2143 1588 illis
2167 1554 2364 1604 exceptis,

1247 1611 1345 1650 ⁴quos
1376 1613 1492 1651 supra
1521 1615 1557 1638 n.
1585 1602 1672 1639 128.
1700 1604 2028 1640 memoravimus:
2067 1616 2155 1655 ergo
2183 1603 2254 1642 ἅς.
2297 1605 2364 1645 Sic

1251 1666 1309 1689 ex.
1340 1666 1396 1702 gr.
1426 1653 1466 1690 S.
1496 1654 1663 1692 Irenaeus
1704 1664 1745 1692 ut
1771 1655 1916 1693 Christi
1953 1657 2191 1696 divinitatem
2234 1667 2363 1697 contra

1246 1704 1388 1759 ,Alogos
1419 1705 1615 1755 probaret,
1646 1721 1747 1757 saepe
1777 1707 1848 1745 hac
1869 1708 1910 1745 S.
1930 1706 2084 1750 Joaunis
2113 1711 2297 1761 epistola,
2327 1712 2362 1748 ὃς

1250 1756 1331 1807 ipso
1359 1758 1474 1794 etiam
1504 1770 1590 1808 cap.
1613 1758 1660 1795 V.
1692 1772 1779 1795 usus
1808 1768 1886 1806 est,
1918 1762 2010 1810 quin
2038 1768 2162 1798 tamen
2189 1765 2361 1801 versicu-

1251 1808 1334 1845 lum
1364 1811 1569 1860 septimum
1602 1820 1810 1848 memoret.
1849 1814 1863 1861 (
1893 1809 1984 1849 Vid.
2014 1812 2103 1850 Lib.
2126 1814 2192 1851 ΙΙΙ.
2223 1825 2365 1854 contra.

1253 1860 1445 1899 Haereses
1473 1874 1507 1900 c.
1535 1863 1596 1901 18.
1627 1865 1640 1912 )
1671 1863 1712 1901 S.
1742 1864 1967 1903 Ambrosius
2009 1866 2047 1903 in
2078 1866 2169 1904 Lib.
2205 1867 2252 1905 <Ze
2281 1868 2367 1920 Spi-

1251 1919 1328 1952 ritu
1358 1926 1500 1954 sancto
1530 1930 1617 1954 eum
1646 1919 1815 1966 omittit,
1847 1918 1915 1956 ubi
1937 1927 2062 1956 tamen
2092 1929 2278 1972 quotquot
2298 1936 2365 1975 po·

1254 1971 1325 2007 tuit
1355 1970 1401 2006 ad
1429 1968 1512 2021 ejus
1539 1970 1780 2010 divinitatem
1818 1970 2056 2023 probandam
2085 1972 2125 2011 S.
2154 1973 2366 2027 Scripturas

1250 2024 1464 2060 testimonia
1493 2021 1668 2074 collegit.
1707 2025 1930 2062 Omiserunt
1957 2027 2101 2076 pariter
2129 2027 2169 2065 S.
2200 2028 2367 2068 Athana-

1253 2077 1356 2122 sius,
1387 2075 1586 2123 Hilarius,
1625 2077 1830 2127 Gregorius
1858 2077 2066 2126 Nazianz.,
2108 2079 2299 2130 Basilius,
2329 2083 2363 2119 8<

1256 2129 1351 2173 alii3
1389 2129 1457 2179 qui
1486 2142 1555 2179 pro
1582 2138 1711 2168 sancto
1740 2128 1938 2168 Trinitatis
1967 2131 2139 2182 dogmate
2168 2135 2365 2173 vindican-

1252 2182 1326 2229 do,
1356 2186 1527 2218 omnium
1559 2183 1727 2220 maxime
1754 2182 2008 2233 desudarunt,
2038 2186 2144 2233 imo,
2173 2187 2275 2238 quod
2290 2190 2364 2226 mi·

1252 2233 1415 2272 rabilius
1443 2243 1523 2282 est,
1562 2234 1590 2272 ii
1620 2233 1745 2272 Patres
1773 2249 2047 2288 nonnunquam
2079 2240 2133 2274 us?
2164 2248 2251 2277 sunt
2278 2252 2365 2279 ver-

1251 2287 1372 2325 siculo
1399 2297 1532 2326 octavo
1560 2290 1719 2339 mystice
1748 2289 1938 2327 intellecto
1966 2290 2014 2327 ad
2044 2289 2271 2330 Trinitatem
2298 2294 2363 2331 de-

1252 2341 1479 2379 fendendam
1498 2371 1507 2389 ,
1537 2350 1576 2378 ut
1596 2341 1636 2379 S.
1658 2342 1867 2393 Dionysius
1888 2341 2163 2381 Alexandrinus
2191 2345 2363 2387 scribens

1249 2394 1299 2432 ad
1329 2393 1490 2432 Paulum
1519 2394 1834 2442 samosatenum,
1879 2394 1911 2430 ἃ
1938 2395 1979 2433 S.
2010 2396 2244 2448 Augustinus
2272 2399 2364 2438 Lib.

1254 2448 1304 2485 Π.
1337 2447 1487 2485 Contra
1508 2447 1789 2486 liltzximimmz
1809 2462 1844 2487 c.
1868 2460 1958 2494 22.;
1987 2460 2129 2501 quanto
2159 2453 2275 2503 magis
2306 2455 2363 2493 usi

1255 2501 1412 2539 fuissent
1441 2502 1629 2539 versiculo
1658 2503 1843 2554 septimo,
1871 2503 1903 2539 si
1932 2515 2020 2540 eum
2049 2506 2256 2554 genuinum
2286 2520 2363 2544 esse

1251 2553 1553 2592 existimassent?
1584 2554 1672 2593 Vid.
1695 2554 1848 2593 Miluus
1867 2555 1913 2593 ad
1935 2554 2036 2593 hunc
2064 2556 2191 2596 locum
2213 2560 2271 2597 sui
2290 2572 2360 2598 ηο-

1256 2612 1289 2646 ri
1323 2607 1591 2645 Testamenti.

1314 2661 1400 2700 165.
1432 2661 1541 2713 Hesp.
1561 2691 1570 2708 ‚
1620 2659 1688 2698 hoo
1732 2668 1998 2715 argumentum
2033 2660 2254 2715 negativum
2284 2678 2361 2704 esse

1247 2715 1355 2767 “quod
1385 2714 1527 2752 nullius
1556 2715 1732 2764 ponderis
1760 2723 1840 2763 est,
1883 2715 1951 2752 ubi
1980 2727 2203 2767 argumenta
2231 2719 2361 2769 positi-

1252 2781 1298 2806 va
1330 2777 1465 2820 praesto
1493 2776 1604 2815 suut,
1650 2776 1688 2804 ut
1716 2781 1828 2805 nemo
1865 2769 2039 2819 ignorat,
2086 2772 2153 2822 qui
2199 2773 2360 2810 sanioris

1250 2822 1408 2858 Critices
1438 2819 1585 2871 regulas
1615 2819 1673 2856 vel
1695 2835 1717 2858 a
1737 2820 1871 2857 limine
1898 2821 2146 2860 salutaverit.
2177 2823 2258 2859 Hoc
2275 2837 2359 2860 ver-

1251 2872 1371 2911 siculo
1401 2874 1457 2910 usi
1487 2872 1680 2918 sunt461.
1711 2872 1892 2925 Episcopi
1923 2875 2121 2923 Africani,
2165 2888 2238 2911 una
2268 2889 2359 2916 cum.

1247 2927 1417 2978 Eugenio
1457 2924 1741 2977 Carthaginensi
1779 2927 1953 2965 Antistite
1995 2937 2122 2965 contra
2165 2928 2359 2967 Hunneri-

1248 2994 1336 3018 cum
1368 2979 1506 3030 Regem
1538 2980 1751 3025 Arianum3
1796 2994 1884 3017 usus
1913 2989 1964 3016 est
1993 2981 2033 3017 5.
2065 2980 2288 3033 Fulgentius
2316 2984 2359 3021 in

1248 3032 1554 3084 responsionibus
1575 3033 1620 3069 ad
1640 3032 2123 3082 objectiones*Atrianorum
2143 3050 2153 3080 ·,
2183 3036 2240 3072 usi
2272 3047 2358 3076 suut

1248 3086 1359 3124 multi
1389 3087 1455 3123 alii
1477 3099 1590 3137 supra
1611 3099 1720 3123 num.
1747 3085 1833 3123 128.
1851 3115 1861 3133 ,
1891 3085 1924 3121 8<
1945 3100 2023 3139 seq.
2043 3086 2213 3126 laudati.
2244 3089 2357 3136 Quod

1245 3149 1374 3178 autem
1403 3138 1469 3176 alii
1500 3137 1620 3176 multo
1647 3137 1776 3191 plures
1802 3139 2027 3189 omiserint,
2070 3155 2144 3179 non
2175 3155 2251 3180 una
2281 3157 2357 3181 esse

2241 3210 2305 3247 pf)-

1250 3298 1439 3334 'Codicibus
1467 3306 1596 3343 septem
1623 3305 1761 3332 'tantum
1786 3296 1950 3344 epistolas
1989 3301 2172 3335 canonicas
2198 3301 2351 3334 contine-

1252 3348 1360 3387 bant,
1387 3358 1455 3390 quo
1481 3345 1543 3386 fit,
1569 3354 1607 3379 nt
1632 3346 1670 3378 in
1693 3346 1856 3379 omnibus
1882 3344 2053 3380 defuerit.

1687 3391 1712 3437 4
