2577 3633
863 113 944 158 DE
980 113 1364 160 VOLUNTATE
1398 114 1501 161 DEI
1516 146 1528 159 .

26 209 116 249 quae
146 197 270 248 reipsa
296 203 374 233 esse
401 205 475 233 non
496 192 659 243 debent,
689 202 854 248 spectant
882 195 928 233 ad
958 194 1131 233 volunta-

26 259 103 290 tem
119 248 397 289 antecedentem
416 277 427 296 ,
457 247 629 286 absoluta
644 261 733 287 vero
753 249 799 286 ad
818 257 1106 300 consequentem
1120 274 1131 285 .

84 303 173 353 275.
202 301 278 339 Ob.
306 302 470 339 secundo
489 314 578 340 cum
602 301 811 354 Vasquezio
829 302 927 353 disp.
947 301 1014 352 67.
1044 315 1131 352 cap.

28 356 69 404 4.
111 355 236 393 Omne
262 352 456 393 decretum
485 355 629 393 divinae
671 355 875 395 voluntatis
904 355 1016 392 infert
1037 384 1048 402 ,
1097 353 1131 389 8(

54 407 201 446 roducit
228 404 402 460 aliquam
432 410 682 447 mutationem
712 406 942 462 physicam,
983 406 1017 443 δε
1047 420 1130 444 rea-

25 424 104 498 fem
133 462 173 499 in
202 459 351 512 objecto
379 460 523 508 voli103
565 464 706 500 etenim
735 463 881 500 decreto
910 463 1029 513 posito
1058 457 1130 498 ali-

19 528 97 566 qua
126 513 261 552 relatio
287 514 442 552 rationis
462 515 630 553 exoritur
658 516 753 553 inter
773 515 928 561 Deum,
961 513 995 550 ἃ
1023 513 1130 564 obje-

24 577 156 613 ctum;
195 565 278 604 haec
306 576 432 608 autem
462 581 552 606 cum
582 582 656 607 non
685 569 799 620 possit
827 581 872 605 ex
903 566 975 605 Dei
1008 577 1130 605 muta-

26 621 127 658 tione
154 620 274 668 oriri,
321 621 414 658 oriri
443 621 553 659 debet
591 636 636 660 ex
666 623 871 660 mutatione
914 629 1131 666 creaturae3

24 673 89 711 ned
117 673 268 712 decreta
296 673 548 712 conditionata
566 703 577 723 ,
607 688 771 726 quorum
799 674 965 712 conditio
993 686 1132 725 ponen-

23 726 72 764 da
101 739 179 765 non
204 735 286 776 est,
315 726 464 766 nullam
495 738 648 778 possunt
677 728 819 766 inferre
840 755 851 775 ,
897 735 962 764 aut
990 727 1132 777 produ-

20 793 107 818 cere
149 783 398 819 mutationem
428 781 572 820 realem
612 783 654 820 in
681 780 855 832 objectO,
903 779 1005 831 quod
1034 793 1131 818 nun-

20 847 140 886 quam
170 835 262 872 erit:
290 848 379 887 ergo
408 832 478 873 Ste-
711 884 714 886 η
970 847 976 852 ·

80 886 172 937 274.
203 886 315 940 Resp.
346 888 553 926 Decretum
582 886 880 926 conditionatum
910 883 1061 923 efficere
1092 887 1132 923 in

21 938 173 991 objecto
202 942 449 979 mutationem
480 939 620 978 realem
638 970 649 987 ,
691 952 767 977 non
796 937 1038 987 absolutam,
1069 940 1134 976 sed

21 992 348 1040 conditionalem3
378 992 529 1031 realiter
556 993 658 1029 enim
687 991 881 1043 objectum
910 993 1136 1029 transfertur

22 1060 45 1083 a
74 1055 170 1084 statu
200 1059 326 1083 rerum
356 1059 450 1096 pure
478 1044 724 1096 possibilium
764 1044 812 1083 ad
843 1053 979 1082 statum
1009 1043 1131 1083 alicu·

23 1098 85 1149 jus
114 1100 369 1136 futuritionis:
419 1095 452 1133 8<
481 1099 604 1149 reipsa
633 1098 766 1136 divina
801 1098 976 1136 voluntas
1006 1107 1132 1135 nostro

20 1151 271 1202 intelligenda
312 1149 424 1189 modo
451 1149 562 1188 aliter
604 1152 766 1190 refertur
794 1151 842 1189 ad
885 1150 971 1189 haec
1001 1151 1132 1188 futura

20 1204 275 1242 conditionata
292 1234 302 1253 ,
331 1218 448 1256 quam
471 1205 658 1242 referatur
678 1205 726 1243 ad
746 1202 943 1257 possibilia
964 1212 1133 1242 tantum.

76 1259 170 1308 275.
201 1258 288 1295 Inst.
319 1257 525 1308 Objectum
555 1266 640 1296 actu
668 1271 744 1296 non
785 1257 1024 1305 coloratum,
1071 1258 1134 1296 sed

18 1312 121 1361 quod
148 1311 360 1349 coloratum
389 1319 483 1349 esset
502 1310 634 1363 aliqua
663 1312 783 1362 posita
803 1311 1038 1359 conditione,
1067 1325 1135 1349 ne-

21 1365 107 1414 quit
136 1376 212 1400 esse
242 1365 427 1401 terminus
446 1366 623 1415 potentiae
653 1365 812 1403 visivae:
842 1377 928 1415 ergo
958 1365 1071 1402 etiam
1094 1377 1134 1400 o-

22 1415 193 1467 bjectum
211 1445 221 1464 ,
251 1415 353 1468 quod
382 1425 466 1454 actu
487 1430 561 1455 non
585 1425 667 1465 est,
697 1417 761 1454 sed
790 1425 881 1454 esset
908 1418 1028 1467 posita
1049 1429 1130 1453 cer-

22 1476 58 1506 ta
88 1469 298 1507 conditione
315 1499 325 1517 ,
356 1470 489 1521 nequit
517 1483 593 1508 esse
613 1471 795 1508 terminus
822 1469 966 1508 divinae
993 1468 1131 1508 volun-

24 1524 135 1568 tatis,
169 1531 206 1559 ut
235 1522 430 1560 decretum
460 1524 504 1561 de
533 1536 578 1560 eo
607 1524 778 1561 emittat.

79 1574 171 1626 276.
202 1575 314 1627 Resp.
344 1590 428 1628 neg.
457 1589 561 1614 cons.
591 1576 781 1623 Quamvis
801 1576 904 1614 enim
935 1574 1129 1626 objectum

23 1627 197 1665 futurum
227 1629 297 1666 sub
327 1630 537 1667 conditione
565 1638 653 1666 actu
681 1643 757 1667 non
788 1631 860 1676 sit,
906 1630 1027 1666 immo
1064 1641 1130 1664 nec

23 1681 147 1732 reipsa
174 1680 351 1719 absolute
380 1682 555 1719 futurum
583 1681 792 1732 aliquando
819 1684 893 1727 sit,
922 1689 977 1717 est
1006 1689 1132 1716 tamen

24 1734 374 1784 impraesentiarum
389 1733 471 1784 ejus
487 1733 692 1779 futuritio,
722 1746 787 1770 seu
817 1733 937 1783 ipsius
965 1731 1058 1767 ordo
1085 1730 1134 1767 ad

21 1786 257 1830 esisteiiduin
285 1785 356 1822 sub
386 1787 499 1822 certis
528 1784 838 1832 conditionibus,
886 1786 917 1822 si
946 1795 1132 1836 poneren-

18 1847 105 1884 tur-3
134 1838 169 1874 δι
199 1836 420 1888 hujusmodi
449 1838 650 1885 futuritio,
680 1851 744 1875 sen
773 1838 864 1875 ordo
894 1837 942 1874 ad
971 1837 1133 1874 existen-

21 1892 113 1929 dum
131 1921 143 1939 ,
172 1900 224 1928 est
253 1890 395 1929 divinae
426 1891 619 1929 volitionis
648 1893 834 1929 terminus
865 1893 952 1942 (a).

81 1958 171 1996 277.
202 1944 383 1993 Quaeres,
413 1958 460 1983 an
489 1945 563 1982 sint
592 1945 629 1982 in
650 1943 732 1982 Deo
760 1945 908 1983 decreta
937 1943 983 1981 de
1011 1942 1134 1980 omni-

22 1996 95 2036 bus
124 1996 371 2050 possibilibus
399 1997 754 2036 combinationibus
783 1994 1073 2036 conditionum?

77 2050 168 2089 2-·8.
200 2050 312 2103 Resp.
341 2051 467 2103 primo
509 2050 742 2090 admittenda
780 2064 860 2090 vesse
897 2051 1046 2089 decreta
1087 2049 1134 2087 de

22 2104 204 2154 omnibus
232 2105 278 2142 iis
309 2104 446 2143 futuris
473 2104 738 2143 conditionatis
755 2135 765 2153 ,
813 2118 903 2157 quae
932 2104 1037 2141 Deus
1065 2114 1133 2139 no-

20 2156 83 2194 bis
110 2161 148 2194 in
178 2157 294 2196 sacris
322 2157 456 2195 litteris
484 2157 653 2197 revelare
681 2158 859 2210 dignatus
888 2167 966 2202 est3
1015 2163 1056 2192 ut
1086 2154 1134 2192 il-

23 2207 92 2247 lud
119 2209 166 2246 de
193 2208 309 2260 plena
335 2211 586 2249 destructione
614 2211 740 2263 Syriae
757 2242 766 2259 ,
814 2213 846 2249 si
873 2211 960 2249 Joas
997 2209 1133 2260 septies

24 2261 156 2311 jaculo
184 2264 422 2312 percussisset
441 2272 608 2310 terram3
638 2264 672 2300 &
700 2265 740 2302 id
769 2278 886 2317 genus
914 2262 1014 2310 alia,
1043 2275 1133 2313 quae

25 2314 287 2352 infallibiliter
328 2329 417 2353 cum
459 2317 673 2356 conditione
716 2331 793 2356 non
829 2325 1133 2363 connectuntur,

25 2368 98 2405 nisi
129 2381 197 2419 per
225 2367 373 2406 decreta
401 2368 554 2408 divina:
600 2371 765 2409 secundo
793 2370 839 2408 de
877 2369 1056 2408 omnibus
1086 2369 1134 2406 iis

23 2421 163 2459 futuris
183 2422 444 2460 conditionatis
464 2450 475 2470 ,
505 2436 592 2474 quae
612 2423 716 2462 Deus
745 2423 898 2462 infinita
917 2437 985 2462 sua
1012 2423 1141 2461 scien-.

25 2475 80 2512 tia
109 2477 322 2526 cognoscit3
366 2488 489 2526 neque
517 2478 619 2514 enim
637 2505 648 2524 ,
677 2486 717 2514 ut
744 2477 890 2515 dictum
917 2486 998 2523 est,
1028 2474 1134 2513 Deus

25 2525 136 2565 aliter
164 2541 210 2564 ea
223 2541 445 2580 cognoscere
463 2529 584 2580 potuit
602 2559 613 2576 ,
642 2542 761 2581 quam
789 2531 829 2567 in
849 2531 925 2567 suis
945 2529 1105 2567 decretis
1122 2554 1133 2565 .

83 2593 174 2632 279.
205 2581 254 2619 At
283 2595 399 2629 vero,
447 2590 489 2618 ut
515 2582 613 2620 bene
651 2583 791 2620 notavit
825 2583 1063 2620 doctissimus
1092 2580 1134 2620 P-

25 2632 188 2681 Lemos,
236 2633 322 2673 haec
351 2635 500 2673 decreta
529 2636 602 2673 non
632 2644 716 2673 sunt
752 2635 1048 2687 multiplicanda
1075 2647 1136 2671 re-

30 2695 159 2738 spectu
176 2689 349 2726 omnium
370 2687 697 2726 combinationum
714 2719 724 2737 ,
755 2703 843 2740 quae
874 2691 913 2727 in
936 2687 1134 2726 infinitum

31 2740 265 2791 procedunt,
302 2741 367 2779 sed
397 2750 543 2779 tantum
573 2751 718 2794 oportet
746 2743 814 2780 illa
844 2743 1013 2793 recipere
1042 2755 1130 2794 quae

27 2792 138 2831 nobis
166 2807 211 2830 ex
239 2795 381 2833 divinis
424 2793 586 2843 litteris,
634 2804 697 2833 aut
726 2794 852 2833 Sanct.
882 2795 1037 2834 Patrum
1076 2795 1134 2836 in·

28 2848 289 2897 terpretatione
319 2848 545 2886 traduntur.
589 2848 645 2886 Et
673 2853 776 2886 ratio
805 2858 888 2898 est,
918 2852 1012 2899 quia
1041 2861 1133 2885 curn

34 2898 120 2934 istae
148 2900 462 2940 combinationes
479 2932 490 2949 ‚
520 2915 610 2952 quoe
638 2916 690 2939 ex
720 2901 777 2939 liis
806 2900 1133 2940 conditionalibus

30 2954 330 3003 exprimuntur,
377 2959 456 2993 sint
484 2959 526 2992 in
555 2955 757 3008 infinitum
789 2954 1099 3008 multiplicabiles
1121 2984 1132 3003 ,

32 3010 72 3037 ut
101 3001 148 3039 de
175 3018 216 3041 se
245 3017 302 3043 est
331 3007 622 3059 manifestum,
653 3009 856 3062 infinitum
885 3019 1023 3047 autem
1050 3021 1130 3045 non

35 3058 85 3091 sit
113 3056 326 3097 ordinabile
354 3065 394 3098 in
410 3063 577 3113 finem,
621 3076 694 3102 nec
723 3062 777 3100 ad
805 3061 981 3101 divinam
1008 3066 1131 3114 prori—

37 3266 45 3273 ·
77 3225 125 3259 (a)
156 3221 242 3265 Quoe
267 3222 303 3275 in
328 3222 391 3257 hoe
416 3229 526 3272 capite
564 3226 658 3265 dicta
683 3240 789 3271 sunt,
831 3230 981 3276 intelligi
1007 3231 1133 3266 debent

35 3278 70 3318 ln
97 3266 280 3311 liypothest
297 3291 307 3309 5
351 3271 441 3321 qnod
476 3275 544 3306 sint
576 3280 688 3322 reipsa
715 3279 831 3317 aliqu-1
870 3278 987 3311 futura
1014 3278 1134 3312 condi-

0 3361 2 3371 >
35 3319 168 3348 uenata
193 3315 256 3348 sub
275 3315 470 3351 conditione
495 3332 562 3353 non
587 3319 831 3368 adimple11<la3
858 3336 926 3368 qua
951 3323 992 3357 de
1017 3337 1053 3358 re
1079 3323 1131 3357 di-

2165 136 2246 179 127

1199 195 1380 233 dentiam
1397 227 1407 245 ‚
1438 210 1528 248 φασιν
1553 195 1697 234 omnia
1722 198 1762 235 in
1780 197 1917 251 finem
1938 199 2122 249 ordinat,
2153 212 2306 254 spectat

1200 262 1339 286 omnes
1370 248 1442 287 bas
1485 250 1665 303 infinitas
1694 252 2008 292 combinationes
2050 254 2244 295 habere..
2262 283 2302 297 .-

1203 301 1300 351 Quce
1317 312 1453 340 autem
1470 307 1509 340 in
1527 303 1731 353 Scriptura
1747 304 1957 342 traduntur
1974 337 1984 355 ,
2003 306 2049 345 ob
2063 309 2306 348 altissimam

1199 358 1397 392 rationem
1427 356 1670 407 explicantia
1710 366 1827 405 sunt,
1875 359 1931 396 vel
1960 359 2014 396 αεὶ
2050 362 2307 413 significatio·

1199 419 1294 443 nem
1324 413 1606 459 mysteriorum
1632 410 1970 461 explanandam,
2000 413 2056 450 vel
2083 414 2140 452 acl
2168 417 2309 454 multo-

1198 471 1286 496 rum
1304 460 1482 498 duritiem
1512 462 1831 514 increpandam,
1861 465 1918 502 vel
1937 463 1992 502 a<l
2020 464 2194 504 ‹livinam
2223 469 2309 517 effi-

1197 517 1358 550 caciam
1379 514 1667 554 osten-*lentiam
1687 548 1696 566 ‚
1726 518 1783 556 vel
1801 527 1955 569 propter
1977 519 2077 556 alios
2093 520 2307 560 altissimos

1197 566 1339 603 (lic-inae
1358 567 1730 622 prowiilentioefines
1747 601 1757 617 ,
1787 585 1875 621 quoe
1895 581 2035 609 tamen
2064 577 2240 611 rationes
2269 578 2311 611 in

1200 620 1528 669 multiplicatione
1558 624 1717 674 infinita
1739 623 1877 661 lzorum
1907 624 2157 663 decretorum
2177 631 2308 664 omni·

1199 685 1251 709 no
1280 682 1468 710 cessant.
1499 673 1647 725 Dignus
1675 686 1727 713 est
1756 679 1868 715 etiam
1887 707 1897 726 ,
1927 679 1996 731 qui
2023 679 2069 716 de
2097 678 2171 718 hac
2199 693 2239 716 re
2258 679 2312 718 le-

1199 734 1309 777 gatur
1338 740 1410 764 non
1441 727 1568 764 miuus
1599 729 1711 778 pius,
1759 744 1876 781 quam
1906 731 2036 769 doctus
2065 731 2182 770 Vino.
2211 733 2313 771 Con·

1197 780 1391 817 tensonius
1420 779 1458 818 in
1489 794 1555 818 sua
1577 779 1785 832 Tlieologia
1806 788 1949 821 mentis
1965 815 1976 833 ,
2007 785 2055 825 <9⁴
2072 785 2201 824 cordis
2220 786 2310 825 Lib.

1199 832 1248 875 LI.
1278 832 1436 871 Dissert.
1458 832 1526 872 IV.
1556 847 1642 885 cap·
1665 846 1701 871 2.
1731 835 1874 885 specul.
1902 851 1935 875 ι.

1258 885 1349 924 280.
1380 886 1479 923 Hinc
1511 886 1716 938 Angelicus
1737 887 1875 926 Doctor
1904 903 1975 928 non
2003 891 2194 930 dubitavit
2221 905 2311 930 con-

1203 947 1343 977 stanter
1386 952 1577 987 asserere,
1625 940 1726 991 quod
1769 941 1798 978 si
1829 941 1940 979 homo
1978 956 2050 981 non
2093 954 2314 996 peccasset,

1202 991 1374 1030 Christus
1403 993 1443 1030 in
1473 993 1662 1030 mundum
1692 1006 1765 1030 non
1797 996 1982 1043 venisset,
2021 999 2112 1047 quia
2142 999 2178 1035 in
2207 998 2314 1036 Scri³

1201 1054 1319 1096 ptura
1348 1044 1480 1082 Sacra
1523 1050 1642 1083 unica
1673 1049 1966 1084 incarnationis
2009 1054 2113 1087 ratio
2142 1064 2196 1087 ex
2222 1064 2310 1101 pec-

1201 1107 1293 1136 cato
1322 1102 1439 1150 primi
1466 1097 1638 1137 homi-nis
1667 1104 1899 1152 assignatur
1922 1101 1958 1139 5.
1988 1100 2086 1139 Part.
2116 1113 2252 1154 quaest.
2278 1118 2312 1143 ι.

1201 1153 1310 1190 artic.
1335 1153 1399 1200 5.,
1429 1153 1514 1190 satis
1544 1152 1758 1190 luculenter
1786 1155 1972 1201 innuens,
2003 1167 2076 1193 non
2105 1169 2180 1193 esse
2210 1157 2314 1194 arbi-

1202 1214 1300 1244 tratu
1332 1214 1456 1243 nostro
1485 1206 1738 1257 confingenda
1767 1207 1808 1244 in
1829 1207 1910 1244 Deo
1939 1208 2086 1246 decreta
2116 1209 2161 1246 de
2189 1211 2314 1247 omni=

1201 1257 1272 1296 bus
1303 1259 1442 1296 futuris
1474 1260 1765 1307 conditionatis,
1795 1273 1959 1312 quorum
1980 1261 2146 1300 conditio
2175 1274 2313 1314 ponem*—

1196 1312 1250 1350 da
1279 1325 1352 1351 non
1382 1320 1462 1350 est.
1493 1311 1540 1350 Et
1569 1313 1615 1350 de
1644 1311 1702 1350 his
1731 1314 1838 1352 satis.

1428 1416 1970 1461 'DISSERTATIO
2019 1419 2073 1462 V.

1552 1527 1615 1567 De
1644 1528 1721 1567 Dei·
1751 1531 1974 1569 t'oluntat30

1257 1656 1338 1722 Ut
1366 1678 1573 1725 brevitati,
1622 1688 1809 1731 quantum
1837 1680 1923 1719 fieri
1953 1685 2094 1731 potest,
2137 1682 2310 1722 consuia-

1200 1744 1314 1777 mus,
1344 1730 1476 1768 multis
1506 1733 1707 1778 resecatis,
1739 1746 1827 1784 quae
1858 1734 1904 1770 de
1934 1734 2124 1771 voluntate
2154 1736 2226 1772 Dei
2257 1735 2312 1772 la*-

1201 1791 1236 1820 te
1265 1783 1458 1835 disputare
1488 1784 1605 1821 solent
1633 1783 1855 1823 Scholastici
1876 1816 1886 1833 ,
1930 1787 2000 1824 tria
2031 1788 2227 1839 praecipue
2256 1788 2313 1825 di-

1197 1837 1435 1873 scutiemus.
1466 1833 1595 1874 Primo
1624 1837 1832 1889 praemissis
1858 1841 1977 1877 variis
2007 1839 2150 1877 ‹livinae
2180 1840 2314 1878 voiun-

1200 1891 1286 1927 tatis
1316 1889 1593 1938 divisionibus,
1631 1890 1823 1929 celebrem
1854 1895 2148 1931 controversiam
2178 1895 2223 1931 de
2251 1907 2314 1945 ge-

1201 1942 1324 1981 nerali
1343 1973 1354 1990 ‚
1403 1942 1436 1978 8(
1465 1942 1704 1982 antecedente
1734 1944 1807 1983 Dei
1848 1945 2036 1983 voluntate
2074 1946 2244 1984 salvandi
2274 1960 2314 1984 o-

1179 2004 1308 2034 'mnes
1337 1995 1539 2045 homines,
1587 2011 1663 2050 qua
1694 1997 1831 2048 majori
1871 2001 2076 2051 poterimus
2117 1999 2314 2050 diligentia

1203 2049 1477 2095 tractabimus3
1507 2059 1589 2088 tum
1617 2050 1760 2088 divinae
1783 2052 1986 2090 voluntatis
2015 2052 2228 2091 libertatem
2250 2067 2314 2090 ex-

1203 2115 1415 2153 ponemus3
1463 2116 1508 2140 ac
1551 2112 1740 2153 postremo
1769 2104 1940 2155 ejusdem
1983 2105 2195 2143 efficaciam
2225 2120 2313 2144 cum

1203 2155 1371 2192 humana
1400 2154 1575 2192 libertate
1604 2169 1648 2192 ex
1665 2157 1706 2193 S.
1737 2157 1898 2196 Thomae
1916 2186 1928 2207 ‚
1958 2172 2002 2197 ac
2024 2158 2312 2197 Tliotnistarum

1200 2208 1368 2246 doctrina
1396 2207 1693 2246 conciliabimus
1709 2235 1720 2247 .

1522 2313 1874 2363 CAPUT
1956 2315 1987 2353 1.

1301 2420 1367 2460 De
1395 2420 1537 2460 cltvz‘noe
1565 2422 1773 2459 voluntatis
1802 2420 1952 2473 objecto
1969 2451 1979 2471 ,
2010 2425 2205 2474 variisque

1618 2473 1865 2513 divisionibus
1881 2501 1892 2513 .

1262 2595 1294 2620 ι.
1313 2559 1478 2634 Operae
1506 2581 1746 2632 dispendium
1775 2578 1942 2619 facerem
1961 2611 1970 2629 ,
2019 2578 2050 2619 si
2086 2581 2216 2620 multis
2245 2580 2308 2621 de-·²

1202 2645 1411 2674 monstrare
1452 2635 1700 2686 aggrederer,
1744 2635 1784 2672 in
1826 2635 1910 2672 Deo
1937 2648 2014 2672 esse
2044 2635 2274 2673 voluntatem
2295 2668 2307 2686 ‚

1202 2703 1318 2741 quam
1334 2702 1449 2726 sacrae
1467 2688 1600 2725 litterae
1617 2687 1920 2738 frequentissime
1937 2697 2171 2736 memorant,
2192 2702 2312 2741 quam

1202 2743 1299 2779 ratio
1328 2743 1408 2794 ipsa
1425 2740 1605 2778 naturalis
1625 2741 1811 2788 ostendit,
1843 2738 1875 2776 8<
1896 2755 2014 2793 quain
2045 2755 2178 2790 nemo,
2208 2743 2311 2793 quod

1201 2796 1318 2833 sciam
1338 2825 1347 2841 ,
1378 2808 1488 2831 ausus
1517 2802 1569 2830 est
1600 2792 1767 2832 inficiari
1786 2819 1797 2831 .

1259 2862 1294 2886 2.
1325 2847 1531 2897 Objectum
1552 2857 1664 2898 porro
1691 2847 1832 2884 divinae
1854 2845 2055 2885 voluntatis
2072 2856 2124 2884 'est
2144 2846 2307 2898 duplex}

1201 2900 1306 2939 aliud
1323 2899 1537 2951 formale,
1569 2897 1601 2933 8(
1620 2903 1886 2948 primarium,
1916 2901 2019 2951 quod
2048 2901 2161 2937 etiam
2191 2905 2307 2938 moti-

1201 2967 1288 2991 vum
1319 2962 1472 2991 vocatur
1490 2982 1500 3000 ‚
1531 2953 1622 3004 quia
1643 2967 1710 2991 sua
1739 2955 1883 2991 ratione
1898 2982 1916 3000 ,-
1939 2953 2172 3005 propriaque
2200 2953 2310 2992 boni-

1202 3017 1273 3046 tate
1303 3006 1534 3044 voluntatem
1565 3015 1716 3052 movet3
1759 3005 1865 3044 aliud
1894 3006 2134 3055 materiale,
2177 3006 2211 3042 δι’
2247 3022 2309 3045 se-

1200 3059 1434 3098 cunzlariurn
1451 3088 1462 3108 ,
1505 3059 1543 3096 in
1571 3060 1674 3110 quod
1701 3059 1833 3098 divina.
1862 3058 2033 3098 voluntas
2062 3060 2181 3098 fertur
2221 3064 2307 3112 qui-

2171 3110 2258 3154 dem

1203 3235 1380 3272 sputatum
1417 3233 1468 3258 est
1494 3235 1599 3268 supra
1627 3237 1703 3271 cap.
1723 3226 1767 3258 V.
1794 3226 1865 3269 Qui
1889 3224 1930 3258 <le
1957 3225 2010 3259 his
2035 3227 2136 3271 plum
2172 3223 2304 3261 deside-

1201 3283 1254 3307 rat
1271 3298 1280 3315 ,
1308 3271 1405 3305 adeat
1429 3273 1520 3304 intex-
1547 3272 1630 3304 alios
1656 3273 1783 3305 multos
1811 3273 1845 3304 Ρ.
1874 3272 2047 3306 Thornatn
2066 3273 2106 3306 de
2122 3276 2240 3306 Lemos
2268 3275 2303 3308 in

1203 3320 1366 3362 Panoplia
1393 3322 1510 3363 gratiae
1539 3318 1639 3352 Tom.
1659 3319 1684 3351 1.
1713 3318 1746 3352 P.
1769 3319 1810 3352 ll.
1840 3330 1913 3363 etp.
1936 3331 1989 3351 22.
2017 3323 2048 3352 8.-
2074 3331 2142 3361 seq-
