2577 3633
865 152 946 198 DE
981 151 1224 196 LIBERIO
1259 152 1401 196 ROM.
1437 152 1615 196 PONT.

78 233 109 271 si
139 232 435 285 subscripsisse,
466 245 556 284 quae
585 232 636 273 ab
656 232 824 272 Hosiana
841 263 852 281 ,
882 234 974 272 idest
1001 233 1168 271 secunda
1185 262 1196 281 ,

77 286 228 325 diversa
256 296 362 323 erat.
411 285 508 325 Sunt
538 288 607 340 qui
646 288 795 326 tertiam
824 287 1076 326 Sirmiensem
1121 288 1197 324 for-

77 340 228 378 mulam
253 354 278 376 a
306 339 468 378 Liber-io
508 342 765 394 subscriptam
793 340 912 380 velint
933 371 944 389 ,
991 354 1110 394 quam
1138 340 1196 378 di-

77 401 167 431 cunt
195 393 315 430 fuisse
344 407 387 430 eo
418 395 502 445 ipso
529 408 626 432 anno
654 396 848 434 conditam
866 425 876 444 ,
911 407 988 448 quo
1016 394 1197 433 Liberius

79 445 154 484 fuit
183 445 232 483 ab
263 446 381 485 exilio
409 446 594 486 liberatus
624 449 687 501 (a)
711 475 721 487 .

137 512 226 551 117.
255 500 329 539 Sed
360 501 482 539 multo
523 504 767 541 communior
809 502 974 541 aliorum
1017 502 1197 541 sententia

77 561 156 601 est,
186 555 254 606 qui
285 563 445 606 putant,
488 556 690 595 Liberium
721 558 858 608 primae
889 556 1090 594 Sirmiensi
1120 556 1195 593 for-

75 607 198 645 niulae
226 609 451 646 consensisse
470 639 479 657 ,
524 625 612 663 quae
642 610 774 648 saltem
805 620 959 649 externo
988 610 1194 649 verborum

74 663 218 698 cortice
244 674 363 710 sana,
402 662 437 699 8<
464 664 670 702 orthodoxa
708 665 938 712 videbatur,
983 677 1056 701 non
1088 677 1195 702 secus

71 727 118 751 ac
149 714 280 762 tertia,
327 717 389 754 cui
420 717 687 770 subscripsisse
728 719 936 756 creduntur
967 716 1089 755 Patres
1119 717 1193 770 Sy-

73 767 162 804 nodi
198 769 474 808 Ariminensis.
524 771 695 824 Utraque
726 775 830 810 enim
868 772 1038 810 confecta
1068 772 1193 809 fuerat

74 834 98 857 a
126 820 405 871 Semiarianis,
452 826 520 877 qui
550 826 598 863 ab
630 829 824 864 Anomaeis
851 827 1010 863 omnino
1036 825 1194 862 disside-

71 873 166 912 baut
185 905 197 923 ,
227 874 261 911 &
291 876 351 914 vel
372 878 561 917 Catholici
591 889 693 917 erant
710 910 720 927 ,
750 880 811 917 vel
832 879 966 917 saltem
986 878 1107 916 videri
1125 892 1192 917 cu-

69 927 229 979 piebant
245 955 257 967 .
286 930 552 978 Quamobrem
583 935 613 970 si
635 933 815 971 Liberius
835 934 975 985 priniae
993 960 1004 979 ,
1034 940 1099 968 aut
1119 940 1191 969 ter-

67 982 134 1018 tiae
165 983 345 1022 formulae
374 985 576 1024 Sirmiensi
605 986 852 1037 subscripsit,
882 984 999 1022 facile
1027 986 1076 1022 ab
1107 984 1188 1022 hae-

66 1036 143 1073 resi
173 1038 317 1075 Ariana
347 1039 590 1076 vindicatur.
637 1039 723 1076 Non
753 1040 804 1077 ita
834 1052 950 1088 verO,
990 1039 1019 1076 si
1051 1053 1187 1080 secun-

68 1089 160 1127 dam
193 1091 395 1142 probavit.

126 1143 214 1181 118.
244 1144 398 1183 Invictis
426 1153 554 1183 tamen
585 1147 818 1197 argumentis
844 1146 1080 1194 ostenditur,
1120 1147 1187 1185 Li-

63 1194 219 1234 berium
248 1210 326 1236 non
369 1198 636 1251 subscripsisse
674 1200 852 1238 secundae
890 1199 1072 1238 formulae
1101 1200 1186 1238 Sir-

62 1249 201 1287 miensi
233 1249 462 1290 Arianorum
482 1280 492 1291 .
527 1253 627 1292 Nam
658 1256 786 1304 primo
812 1255 842 1291 si
873 1253 968 1292 fides
997 1253 1185 1293 habeatur

63 1300 323 1354 Frtzgmentis
351 1305 392 1343 S.
424 1306 566 1344 Hilarii
611 1310 625 1358 (
658 1306 814 1358 Fragm.
845 1306 913 1345 VI.
956 1322 1064 1346 uum.
1098 1323 1134 1360 7.
1166 1308 1182 1357 )

61 1356 235 1408 perfidia
265 1357 504 1409 Sirmiana,
547 1362 610 1398 cui
644 1360 824 1398 Liberius
851 1363 1067 1409 consensit,
1110 1363 1183 1401 fuit

61 1412 279 1462 conscripta
307 1427 329 1449 a
360 1412 561 1451 Theodoro
590 1413 859 1462 Heracleensi,
889 1413 1032 1452 Basilio
1052 1417 1185 1463 Ancy-

58 1475 174 1510 rano,
219 1463 390 1517 Sylvano
419 1466 625 1505 Tharsensi
645 1498 654 1515 ,
703 1468 868 1521 aliisque
897 1468 1100 1521 Episcopis
1129 1463 1182 1507 O-

59 1516 317 1566 rientalibus,
347 1521 414 1571 qui
446 1522 578 1573 viginti
599 1522 677 1558 duo
697 1532 955 1560 memorantur
973 1549 983 1560 .
1014 1522 1183 1561 Formu-

59 1569 100 1608 la
128 1581 255 1609 auteur
286 1573 336 1610 ab
367 1575 445 1612 istis
473 1578 689 1628 conscripta
710 1590 785 1613 non
805 1585 1020 1628 potestesse
1049 1590 1180 1615 secun-

59 1623 109 1662 da.
137 1624 382 1672 Sirinieusi33
414 1629 540 1677 primo
568 1631 670 1666 enim
702 1629 784 1666 haec
805 1630 968 1667 secunda
989 1631 1087 1668 edita
1108 1631 1182 1668 fuit

58 1690 136 1718 nou
165 1678 214 1716 ab
244 1680 537 1729 Orientalibus,
567 1683 629 1719 sed
661 1683 710 1721 ab
739 1682 1056 1721 Occidentalibus
1084 1684 1181 1736 Epi-

57 1732 210 1782 scopis,
254 1731 288 1770 8<
317 1735 475 1785 quidem
508 1735 625 1774 latino
654 1736 858 1784 idiomate,
904 1746 944 1774 ut
974 1737 1180 1775 edocemur

58 1798 82 1821 a
111 1785 151 1822 S.
183 1785 361 1834 Hilario,
398 1787 432 1825 8<
467 1788 672 1833 Athanasio
701 1791 741 1828 in
772 1792 971 1841 utriusque
1000 1789 1101 1827 libro
1130 1790 1181 1828 de

56 1836 261 1888 Synoiis,
292 1840 327 1878 8(
356 1856 379 1878 a
407 1841 560 1894 Socrate
589 1843 661 1881 lib.
692 1843 739 1881 ll.
770 1841 877 1880 Hist.
908 1841 1022 1880 Eccl.
1053 1857 1088 1881 c.
1112 1843 1178 1881 30.

55 1889 246 1931 Praeterea
288 1908 410 1947 neque
440 1895 665 1937 Themiorus
706 1896 998 1943 Heracleensis,
1046 1910 1181 1948 neque

55 1944 254 1997 Sylvanus
268 1947 493 1988 Tharsensis
509 1981 519 1998 ,
551 1964 675 2007 neque
698 1949 859 1989 Basilius
882 1950 1107 2002 Ancyranus
1137 1951 1180 1989 in

55 2001 223 2038 secunda
254 2002 421 2041 farinula
450 2005 720 2042 concinnanda
750 2015 899 2056 partem
929 2003 1178 2049 habuerunt3

57 2054 210 2105 primus
237 2057 339 2093 enim
369 2056 449 2107 jam
479 2058 625 2096 obierat
653 2073 741 2096 ann.
765 2057 857 2097 355.
889 2067 928 2095 ut
959 2057 1176 2095 Theodore-

56 2115 116 2144 tus
146 2116 298 2147 testatur
328 2110 399 2149 lib.
430 2112 480 2149 ΙΙ.
518 2109 625 2150 Hist.
654 2111 773 2151 Eccl.
809 2126 847 2150 c.
882 2111 942 2150 16.
987 2110 1056 2149 alii
1088 2123 1179 2148 vero

56 2159 135 2196 duo
165 2161 224 2198 vel
253 2162 442 2201 Catholici
473 2166 649 2211 fuerant,
679 2165 738 2201 vel
769 2165 896 2202 solum
923 2163 1178 2210 Semiariani,

58 2212 337 2251 Anomaeorum
380 2214 501 2253 hostes
530 2215 614 2267 (b).
662 2217 834 2254 Demum
877 2217 915 2253 in
958 2216 1127 2254 formula
1155 2231 1178 2255 a

59 2265 218 2303 Liberio
251 2268 464 2320 approbata
507 2282 580 2308 non
616 2268 797 2320 leguntur
835 2271 993 2308 nomina
1022 2270 1179 2308 Germi=

57 2320 144 2365 nii,
176 2321 258 2359 Osii
276 2350 286 2368 ,
325 2320 359 2357 ἃ
386 2320 546 2360 Potamii
565 2352 575 2370 ,
612 2325 678 2376 qui
712 2333 882 2361 auctores
909 2323 1093 2361 dicuntur
1121 2338 1178 2362 se-

58 2374 198 2411 cundae
227 2374 404 2414 formulae
423 2402 432 2412 .
464 2376 504 2413 Si
535 2379 664 2428 itaque
691 2375 950 2430 Fragmentis
971 2378 1012 2415 S·
1033 2377 1178 2415 Hilarii

57 2426 154 2465 fiies
184 2428 389 2476 habeatur,
432 2428 627 2470 Sirmiana
656 2431 826 2468 formula
855 2445 877 2468 a
905 2431 1064 2470 Liberio
1092 2445 1181 2483 pro-

57 2479 149 2519 bata
178 2495 252 2520 nou
282 2482 355 2519 fuit
385 2485 578 2533 secunda,
617 2497 707 2536 quae
739 2486 881 2522 Ariana
912 2484 1049 2523 haeresi
1083 2485 1183 2522 infe-

56 2543 117 2571 cta
148 2545 248 2584 erat,
276 2536 340 2574 sed
360 2538 511 2589 prima,
541 2552 629 2592 quae
649 2553 805 2578 sensum
824 2537 1059 2578 catholicum
1080 2552 1182 2592 prae-

57 2588 276 2629 seferebat.

119 2655 205 2693 ¹¹9·
239 2642 397 2681 Accedit
433 2646 690 2683 testimonium
720 2645 944 2694 Sozomeni,
991 2647 1059 2698 qui
1090 2644 1183 2685 Lib.

56 2693 129 2732 IV.
162 2695 269 2735 Hisc,
291 2695 406 2735 Eccl.
437 2712 471 2736 c.
500 2699 559 2736 15.
592 2700 732 2747 refert,
764 2699 967 2738 Liberium
987 2701 1180 2738 Sirmium

58 2759 288 2798 evocatum,
321 2759 360 2788 ut
389 2765 481 2803 quas
512 2753 660 2791 Beroeae
688 2763 840 2805 egerat,
871 2754 1010 2791 iterum
1041 2753 1181 2792 confir-

60 2813 210 2851 maret,
255 2805 467 2843 doctrinam
509 2808 783 2844 Anomaeorum
827 2820 956 2845 coram
989 2807 1183 2845 Constant.

61 2860 327 2913 proscripsisse
357 2859 458 2897 edita
486 2861 720 2899 confessione
739 2891 749 2910 ,
780 2875 859 2916 qua
887 2875 952 2899 eos
969 2891 981 2911 ,
1023 2865 1087 2913 qui
1117 2860 1181 2899 Fi-

110 2984 159 3019 (ss)
184 2983 253 3027 Qui
279 2985 370 3020 hanc
388 2987 599 3021 sententiam
621 2988 814 3032 rejiciunt,
839 2988 1062 3033 potissimum
1081 2999 1122 3020 ex
1142 2999 1184 3020 eo

64 3038 277 3072 movemur,
301 3033 391 3076 quod
418 3034 626 3069 observante
653 3036 797 3069 Petavio.
822 3037 856 3068 in
882 3044 954 3068 not,
980 3034 1022 3068 ad
1044 3036 1076 3067 S.
1096 3035 1182 3078 Epi-

60 3076 170 3122 phin.
208 3076 340 3110 ΗΜΘ-εἱ
368 3083 425 3124 37.
466 3093 500 3113 η.
530 3092 586 3113 22.
622 3084 727 3116 tertia
769 3082 972 3115 Sir-ruiensis
1024 3081 1177 3115 formula

68 3123 223 3156 confecti
252 3123 316 3156 fuit
344 3137 437 3159 anno
460 3128 540 3170 359.
569 3130 739 3170 Eusebio,
767 3132 800 3161 &
826 3129 1115 3173 HypatioCoss·‚
1139 3134 1179 3160 ¹¹²⁴

66 3171 99 3202 S.
128 3169 339 3204 Athanasius
367 3173 470 3205 refert
498 3175 531 3206 in
561 3177 669 3210 Libro
691 3178 738 3210 de
756 3176 919 3219 Synodis
934 3191 949 3214 ;
972 3183 1097 3220 putant
1117 3186 1165 3205 air

62 3227 159 3258 tem,
191 3217 369 3250 Liberium
395 3229 485 3251 anno
511 3222 591 3265 357.
618 3224 724 3256 fnisse
749 3223 794 3256 ab
818 3222 926 3256 exilio
952 3230 1181 3260 revocatum,

63 3265 196 3298 scilicet
223 3272 413 3307 anteqqim
439 3263 513 3297 haec
540 3270 642 3303 tertia
668 3271 817 3303 formula
845 3281 927 3302 cusa
953 3277 1067 3302 esset·
1111 3267 1180 3298 Ve‘

59 3320 260 3344 rinntamvn
288 3312 425 3348 nescio,
468 3324 511 3344 an
539 3314 647 3348 solido
670 3315 900 3349 fundamento
935 3313 1069 3348 ostendi
1098 3324 1179 3359 pos-

62 3360 132 3397 sit,
163 3357 290 3391 vaerii
319 3356 470 3391 reditum
499 3359 659 3394 incidisse
687 3365 721 3395 in
749 3375 829 3396 ann.
858 3364 938 3406 357.
967 3363 1055 3394 Sane
1074 3362 1100 3393 si
1123 3370 1176 3391 ve·

61 3415 142 3440 rum
165 3413 243 3446 est,
281 3403 376 3452 quod
400 3405 611 3442 Anastasius
644 3409 794 3452 scribit,
828 3409 1014 3445 Liberium
1047 3415 1178 3454 quarto

2249 158 2331 212 139

1267 232 1363 270 lium
1393 231 1611 271 secundum
1641 230 1909 270 substantiam
1927 263 1937 281 ,
1967 232 2017 274 ὠ
2043 245 2113 285 per
2140 238 2281 272 omnia
2301 234 2381 272 Pa·

1264 290 1336 323 tris
1366 289 1538 325 similem
1568 300 1647 324 non
1669 299 1756 323 esse
1772 296 2000 324 assererent
2017 318 2027 335 ,
2058 288 2214 326 alienos
2233 288 2284 326 ab
2300 287 2381 326 Ec-

1264 340 1390 377 clesia
1417 339 1740 391 pronuncialnzt,·
1768 353 1836 377 sua
1865 341 1992 392 itaque
2022 343 2149 380 vineta
2169 344 2380 381 caecidisset

1263 392 1467 443 Liberius,
1500 393 1768 447 proscribendo
1798 408 1882 430 eam
1912 394 2150 444 doctrinam,
2180 410 2296 448 quam
2314 396 2384 433 Be-

1263 459 1359 484 roeae
1392 448 1641 499 probaverat,
1685 447 1715 485 si
1746 447 1799 485 ibi
1830 448 2033 486 secundam
2063 449 2269 487 formulam
2300 449 2382 487 Sir-

1265 501 1449 538 miensem
1480 511 1736 556 acceptasset,
1778 502 1818 539 in
1845 515 1922 556 qua
1951 500 2079 540 Filius
2106 502 2206 541 Patri
2242 503 2383 542 similis

1268 554 1477 605 negabatur
1493 582 1502 593 .

1324 621 1412 645 120.
1444 610 1600 647 Accedit
1643 611 1782 647 iterum
1824 609 2081 647 testimonium
2120 607 2379 658 Theodoreti,

1262 661 1329 713 qui
1361 662 1401 698 in
1440 663 1547 712 epist.
1584 663 1669 701 166.
1713 664 1760 701 ad
1791 661 1979 700 Renatum
2009 662 2277 715 Presbyterum
2308 663 2384 700 Ro-

1261 727 1421 752 manum
1450 716 1495 752 de
1525 716 1730 767 apostolica
1745 718 1859 754 sancti
1881 715 1977 755 Petri
1993 716 2180 755 Cathedra
2201 716 2380 769 loquens,

1261 765 1397 805 Habet
1415 797 1426 815 ,
1457 769 1581 820 iuquit
1598 800 1607 817 ,
1639 770 1906 807 Sanctissima
1937 770 2007 808 illa
2029 769 2151 808 Sedes
2172 769 2379 808 Ecclesia-

1261 834 1351 858 rum
1369 852 1379 869 ,
1409 834 1498 872 quce
1527 825 1568 858 in
1597 832 1677 859 toto
1705 823 1796 861 orbe
1824 833 1936 872 sunt,
1977 827 2247 874 principatum
2277 824 2378 861 mul-

1262 879 1313 913 tis
1341 873 1591 923 nominibus,
1624 886 1744 927 atque
1770 876 1842 914 hoc
1871 887 1969 915 ante
1996 882 2136 915 omnia
2154 909 2165 926 ,
2195 877 2297 929 quoti
2327 874 2378 914 ab

1261 928 1453 968 haeretica
1482 928 1573 967 tabe
1601 933 1788 968 immunis
1819 935 1996 980 mansit,
2039 944 2114 969 nec
2142 932 2243 968 ullus
2271 930 2379 984 fidei

1261 987 1469 1021 contraria
1498 987 1673 1021 sentiens
1701 987 1743 1021 in
1772 985 1839 1021 illu,
1859 984 1957 1022 sedit
1975 1015 1985 1033 ,
2015 985 2085 1023 secl
2113 986 2376 1037 aposcolicam

1252 1041 1433 1089 gratiam
1477 1041 1680 1090 integram
1723 1042 1990 1076 conservavit.
2049 1039 2144 1076 Haec
2184 1039 2378 1078 scribebat

1254 1090 1512 1129 Theodoretus
1543 1100 1625 1143 post
1653 1091 1800 1129 Liberii
1833 1091 1982 1143 lapsum
2001 1122 2011 1140 ,
2049 1107 2138 1146 quae
2170 1107 2260 1130 vera
2289 1092 2375 1130 nula

1253 1143 1402 1183 latentis
1429 1154 1574 1192 essent,
1622 1146 1652 1182 si
1683 1145 1860 1183 Liberius
1890 1145 2093 1183 secundam
2122 1145 2374 1184 Sirmiensem

1253 1198 1462 1238 formulam
1494 1197 1783 1251 blasphemam,
1815 1197 2087 1236 &haereticam
2108 1199 2376 1250 approbasset.

1313 1266 1399 1291 121.
1431 1253 1506 1290 Ob.
1539 1255 1690 1304 primO.
1734 1252 1863 1290 Sanct.
1896 1252 2071 1290 Hilarius
2113 1252 2320 1291 formulam
2350 1269 2373 1292 a

1252 1305 1410 1344 Liberio
1440 1306 1641 1359 probatam
1671 1315 1780 1345 vocat
1812 1305 2014 1343 Aricinam
2043 1304 2258 1357 perfidiam
2289 1308 2302 1356 (
2337 1307 2375 1343 in

1250 1358 1510 1412 Fragmentis
1541 1362 1583 1407 >3
1613 1362 1719 1413 atqui
1751 1359 1851 1397 idem
1881 1369 1998 1397 sanct.
2030 1359 2204 1396 Hilarius
2234 1361 2273 1396 in
2302 1359 2376 1398 lib.

1251 1412 1301 1450 (Ze
1330 1413 1509 1465 Synosslls
1538 1413 1707 1465 primam
1728 1412 1979 1451 Sirmiensem
2011 1411 2220 1450 formulam
2251 1422 2289 1450 ut
2309 1426 2375 1452 ca-

1250 1465 1435 1505 tholicam
1465 1468 1645 1519 agnovit:
1692 1467 1806 1504 sensit
1836 1479 1923 1517 ergo
1951 1465 2152 1504 Liberium
2182 1479 2253 1502 uon
2283 1466 2376 1503 sub-

1250 1523 1448 1572 scripsisse
1478 1520 1655 1558 formulae
1685 1521 1852 1572 primae,
1883 1519 1948 1557 sed
1976 1519 2083 1556 alteri
2102 1549 2111 1565 ,
2142 1532 2231 1571 quae
2262 1519 2373 1557 Aria-

1250 1588 1297 1612 na
1328 1573 1390 1612 lue
1422 1576 1560 1613 infecta
1591 1584 1696 1619 erat3
1739 1588 1783 1611 ac
1812 1583 2014 1625 propterea
2055 1573 2181 1610 eidem
2212 1580 2251 1610 ut
2281 1572 2373 1611 fidet

1248 1629 1564 1680 praevaricatori,
1596 1637 1652 1665 ter
1682 1626 1885 1665 anathema
1914 1627 2009 1675 dixit
2027 1652 2040 1664 .

1308 1695 1397 1721 122.
1429 1681 1541 1734 Resp.
1570 1691 1688 1720 sanct.
1723 1679 1916 1719 Hilarium
1949 1682 1989 1718 in
2016 1679 2087 1718 lib.
2118 1678 2168 1717 (Ze
2195 1678 2374 1731 Sytzotlls

1245 1745 1433 1786 spectasse
1461 1737 1628 1787 primam
1649 1735 1899 1772 Sirmiensem
1929 1733 2136 1771 formulam
2167 1731 2370 1782 absolute,

1248 1787 1284 1824 δε
1315 1790 1354 1826 in
1384 1791 1530 1840 seipsa,
1562 1802 1726 1840 eamque
1753 1786 1981 1824 catholicam
2011 1788 2300 1838 pronunciasse,
2332 1796 2373 1825 ut

1248 1839 1334 1879 talis
1378 1843 1502 1892 reipsa
1531 1850 1638 1885 erat,
1691 1839 1825 1877 saltem
1855 1841 2027 1891 inspecto
2054 1849 2208 1876 externo
2236 1839 2372 1876 verbo-

1247 1907 1333 1931 rum
1364 1907 1480 1939 sono;
1529 1894 1569 1931 in
1598 1892 1854 1945 Fragmencis
1884 1903 2012 1930 autem
2053 1901 2240 1943 spectasse
2268 1907 2374 1930 eam-

1247 1947 1338 1987 dem
1369 1946 1582 1986 formulam
1612 1947 1741 1984 habita
1764 1947 1904 1983 ratione
1925 1947 2185 1998 quarumdam
2204 1948 2373 1984 circum-

1246 2002 1470 2038 stantiarum
1487 2031 1499 2048 ,
1528 2001 1668 2053 quibus
1690 2000 1934 2039 consideratis
1962 1999 2049 2049 jure
2072 2001 2285 2052 meritoque
2305 2015 2373 2051 ap-

1248 2054 1385 2105 pellari
1408 2063 1550 2105 poterat
1569 2052 1741 2106 perfidia
1760 2054 1917 2090 Ariana
1934 2078 1945 2088 .
1974 2053 2285 2090 Circumstantiae
2305 2067 2373 2090 au-

1245 2117 1321 2145 tem
1352 2116 1456 2145 erant
1487 2109 1595 2144 istae:
1639 2108 1764 2157 primo
1793 2114 2020 2151 auctorum,
2064 2119 2232 2156 quorum
2275 2105 2373 2144 fides

1247 2170 1312 2198 aut
1344 2161 1549 2199 manifeste
1577 2173 1695 2212 prava
1713 2189 1726 2207 ,
1754 2168 1818 2196 aut
1846 2157 2102 2205 subobscura,
2132 2157 2167 2195 &
2193 2158 2312 2196 dubia
2333 2174 2370 2196 e-

1246 2223 1329 2262 rat,
1379 2223 1417 2252 ut
1448 2215 1608 2267 proinde
1637 2214 1772 2251 merito
1800 2212 1986 2263 suspicari
2019 2221 2165 2263 posset,
2208 2212 2280 2249 sub
2308 2225 2371 2250 or-

1246 2267 1412 2306 thodoxo
1440 2267 1648 2305 verborum
1690 2267 1830 2304 cortice
1861 2266 2048 2303 Arianum
2092 2267 2199 2302 virus
2226 2265 2372 2312 latere3

1246 2322 1347 2359 unde
1376 2321 1477 2359 idem
1506 2331 1655 2359 sanctus
1680 2320 1851 2358 Hilarius
1882 2318 1954 2356 lib.
1982 2317 2138 2356 advers.
2173 2318 2370 2357 Con-onzn-

1246 2380 1346 2414 tium
1375 2390 1483 2413 num.
1507 2375 1570 2413 25.
1602 2374 1751 2425 ajebat:
1785 2371 1982 2423 Quidquid
2008 2381 2155 2421 proeter
2171 2372 2306 2425 fivlem
2326 2387 2372 2409 u-

1246 2442 1348 2466 nam
1379 2432 1394 2480 (
1425 2443 1564 2480 nempe
1593 2428 1794 2466 Nicaenam
1826 2427 1841 2474 )
1873 2435 1953 2474 esc,
1981 2425 2179 2478 perfidia,
2209 2439 2290 2463 non
2307 2426 2370 2479 fi-

1248 2483 1318 2521 des
1348 2492 1435 2521 est.
1478 2483 1605 2520 Altera
1637 2481 1925 2519 circumstantia
1955 2481 2071 2516 etiam
2103 2482 2224 2530 magis
2253 2488 2370 2517 atten-

1247 2538 1373 2575 denda
1403 2545 1480 2573 erat
1511 2536 1657 2574 Liberii
1691 2547 1878 2587 persona,
1925 2534 1988 2570 cui
2020 2535 2190 2571 maxime
2219 2535 2373 2571 incum-

1249 2591 1365 2630 bebat
1396 2590 1599 2628 Nicaenam
1630 2588 1747 2626 fidem
1770 2617 1781 2635 ,
1830 2586 1864 2622 8(
1893 2600 2026 2624 vocem
2076 2587 2248 2635 ὁμοέσιον
2288 2597 2372 2624 tue-

1249 2646 1312 2692 ri,
1350 2657 1393 2682 ac
1424 2644 1584 2695 proinde
1613 2656 1771 2679 causam
1800 2640 1996 2689 religionis
2028 2640 2187 2691 prodere
2215 2640 2372 2679 videba-

1248 2707 1340 2746 tur,
1371 2697 1490 2736 aliam
1523 2693 1670 2742 ἓηβεσιι
1702 2694 2052 2744 (expositionem)
2082 2692 2249 2744 probans
2281 2708 2371 2745 sup-

1248 2765 1373 2804 presso
1403 2747 1591 2787 vocabulo
1622 2743 1824 2794 ὄμοέσιον.
1856 2747 1985 2786 Tertia
2023 2748 2307 2785 circumstantia
2326 2762 2366 2784 e-

1249 2814 1306 2842 rat
1335 2804 1529 2842 damnatio
1556 2802 1676 2838 sancti
1709 2801 1931 2848 Athanasii,
1968 2814 2059 2852 quae
2090 2800 2280 2838 nonnullis
2310 2801 2372 2837 vi-

1248 2858 1406 2898 debatur
1437 2857 1541 2895 idem
1571 2868 1614 2892 ac
1644 2855 1837 2893 damnatio
1866 2854 2069 2894 catholicae
2098 2853 2187 2891 fidei
2205 2883 2217 2900 ,
2254 2852 2369 2904 cujus

2262 2906 2312 2943 il-

1249 2996 1358 3018 nonas
1383 2982 1534 3027 Augusti
1561 2982 1712 3014 Romam
1751 2981 1947 3025 ingressum
1971 2991 2069 3019 esse,
2107 2976 2140 3011 id
2166 2990 2259 3012 anno
2282 2979 2369 3023 357.

1249 3031 1450 3074 contingere
1488 3041 1556 3062 non
1594 3029 1729 3072 potuit.
1774 3026 1953 3071 Siquidem
1990 3026 2143 3059 liabetur
2177 3025 2212 3057 in
2238 3025 2368 3058 Codice

1251 3075 1495 3110 Theodosium>
1522 3076 1576 3109 lex
1603 3073 1741 3108 decima
1765 3083 1891 3117 quarta
1916 3075 1962 3106 de
1981 3072 2168 3116 Episcopis
2196 3070 2366 3106 Mediola-

1248 3125 1282 3157 ni
1311 3123 1374 3156 hoc
1400 3122 1521 3156 eodem
1547 3133 1639 3154 anno
1658 3119 1758 3153 [dum
1777 3120 1981 3152 Decembris
1999 3118 2131 3152 ‹lim-cta
2151 3116 2193 3151 ad
2214 3119 2365 3150 Felicem

1248 3171 1462 3214 Episcopum
1502 3170 1722 3206 Romanunm
1767 3178 1871 3210 quem
1911 3174 2026 3199 tamen
2063 3173 2199 3198 cert-nn
2232 3173 2282 3196 est
2322 3175 2364 3196 ex

1249 3215 1472 3250 Theodoreto
1503 3215 1580 3248 Lib.
1611 3215 1652 3246 ll.
1692 3213 1792 3245 IIist.
1819 3212 1920 3245 Eccl.
1961 3224 2036 3256 cap.
2068 3224 2123 3255 ¹7·
2165 3217 2363 3244 revertente

1249 3263 1390 3297 Liberio
1415 3261 1457 3294 ad
1484 3261 1589 3293 aliam
1614 3260 1738 3292 urbem
1764 3270 1801 3291 se
1827 3259 2036 3292 contulisse.
2065 3257 2145 3291 vid.
2171 3258 2278 3290 etiarn
2298 3257 2360 3287 Pa-

1249 3311 1324 3354 gius
1351 3307 1392 3341 ad
1419 3319 1550 3341 annum
1577 3307 1659 3349 357.
1684 3317 1779 3339 nuin-
1812 3304 1865 3345 14.
2148 3348 2154 3353 ·

1265 3353 1268 3356 ’
1293 3357 1341 3394 (b)
1365 3353 1467 3398 Quor}
1493 3355 1588 3386 enim
1613 3352 1656 3385 ad
1681 3350 1881 3396 hujusmodi
1905 3350 2100 3394 argumenti
2122 3360 2193 3379 vain
2219 3346 2363 3378 elevan-

1241 3402 1324 3440 dam
1355 3401 1569 3448 excogitavit.
1593 3399 1757 3434 Petavius
1794 3398 1830 3432 in
1856 3396 2032 3432 animadv.
2072 3394 2116 3428 ad
2141 3396 2176 3427 S.
2201 3392 2359 3439 Epipha-
