2577 3633
292 150 372 194 152

224 226 326 267 ¹Vivit
356 225 466 263 Deus
483 254 493 272 ,
522 222 571 265 ὢ*
592 221 791 261 Dominus
819 220 931 261 Iesus
954 219 1130 259 Christus
1145 250 1157 270 ,
1187 220 1236 261 (θ’
1257 220 1345 272 Spi-

224 287 321 319 ritu-s
350 288 543 316 sanctus.

280 347 342 384 17.
374 331 504 369 Tertio
534 332 728 379 Iren‘aeus,
767 331 835 382 qui
865 330 1016 368 vicinus
1046 328 1120 366 fuit
1149 327 1347 380 Apostolo—

219 400 308 426 rum
339 385 604 437 temporibus,
635 385 869 423 mentionem
900 383 1067 435 Spiritus
1096 383 1216 420 saneti
1235 413 1246 431 ,
1288 383 1347 421 di—

221 449 377 493 sputans
407 439 586 478 adversus
618 438 808 485 haereses,
856 439 908 475 ita
938 437 1056 474 facit:
1107 434 1190 474 Eos
1223 450 1311 474 cero
1333 467 1344 486 ,

220 495 377 546 inquit,
406 497 470 544 qui
500 491 689 542 effraenes
718 500 809 528 sunt
826 522 836 539 ,
873 490 923 531 (ᾗ
941 489 1137 542 feruntur
1165 490 1221 528 ad
1249 504 1346 528 suas

221 551 564 599 concupiscentias
582 578 592 595 ,
630 546 784 583 nullum
814 543 1002 581 habentes
1032 544 1151 582 (lirini
1179 544 1346 595 Spiritus

219 600 491 649 desiderium,
540 603 681 638 merito
710 598 921 649 Apostolus
964 599 1158 636 carnales
1199 608 1312 637 vocat
1334 625 1345 637 .

221 656 271 694 Et
300 655 420 693 alibi:
451 653 515 692 Ne
544 662 726 704 expertes
742 651 858 704 facti
890 651 1008 689 (livini
1039 652 1232 703 Spiritus,
1251 651 1345 705 fru—

223 719 396 748 stremur
438 721 561 760 regno
597 707 787 745 caelorum
812 737 823 754 ,
870 706 1072 744 inclamat
1103 707 1311 756 Apostolus
1332 736 1343 755 ,

222 763 325 815 quod
354 775 449 800 caro
478 775 558 799 non
588 764 708 813 possit
749 759 1028 799 haereditatem
1057 762 1202 813 capere
1230 763 1344 812 regui

221 816 440 854 caelorum.

280 869 340 909 18.
370 871 514 918 Quarto
542 869 588 908 de
613 869 781 920 Origene
824 869 876 908 ita
898 868 1049 920 ¹scribit
1077 868 1119 907 S.
1149 867 1309 907 Basilius
1331 891 1342 905 .

218 956 247 975 ,‚
274 925 484 976 Origenem
527 925 568 962 in
610 923 741 962 multis
770 921 1010 961 Psalmorum
1048 922 1344 976 expositionibus

221 1009 248 1029 „
278 978 600 1031 deprehendimus
629 991 720 1016 cum
751 986 881 1015 sancto
910 977 1058 1030 Spiritu
1087 976 1246 1029 gloriam
1278 975 1342 1012 de·

222 1063 249 1083 „
280 1034 462 1071 ferentem
495 1032 604 1080 Deo,
654 1033 781 1069 virum
801 1061 812 1080 ,
842 1032 909 1084 qni
938 1044 1013 1069 non
1043 1032 1202 1068 omnino
1232 1042 1341 1066 sanas

222 1117 249 1136 „
280 1086 392 1125 habet
422 1090 460 1125 in
490 1086 668 1124 omnibus
697 1086 744 1123 de
772 1084 918 1136 Spiritu
946 1086 1169 1137 opiniones:
1202 1080 1339 1121 nihilo-

224 1171 250 1190 „
281 1143 408 1179 minus
448 1140 482 1177 Et
512 1140 574 1179 hic
604 1138 735 1178 multis
765 1140 803 1176 in
832 1138 926 1177 locis
970 1141 1152 1176 reveritus
1182 1150 1339 1175 consue-

222 1225 248 1244 „
280 1195 422 1233 tudinis
467 1193 584 1232 robur
605 1224 617 1243 ,
664 1194 746 1246 pias
777 1205 885 1230 voces
929 1193 1054 1230 emisit
1095 1193 1141 1229 de
1171 1191 1340 1242 Spiritu:

221 1279 249 1298 „
279 1251 346 1302 qui
376 1250 532 1301 quidem
553 1250 593 1286 in
623 1256 753 1294 sexto,
783 1247 823 1283 ni
854 1244 995 1294 fallor,
1027 1245 1127 1283 libro
1148 1244 1340 1282 Enarra-

222 1332 249 1352 „
279 1308 432 1340 tionum
462 1305 500 1341 in
531 1300 786 1353 Evangelium
816 1300 1001 1346 Joaunis,
1033 1300 1146 1336 etiam
1178 1299 1340 1336 adoran-

278 1357 370 1394 dum
385 1356 575 1408 Spiritum
596 1355 787 1392 evidenter
817 1353 1064 1404 pronuntiat,
1095 1353 1145 1390 ita
1173 1352 1341 1390 scribens

222 1440 249 1460 „
280 1410 327 1447 ad
354 1409 541 1447 verbum:
590 1407 792 1457 Quoniam
823 1419 942 1457 aquae
972 1406 1181 1442 lavacrum
1220 1409 1342 1458 signi-

221 1463 378 1517 „ficat
406 1465 688 1514 purgationem
710 1463 865 1497 animae
895 1458 944 1497 ab
965 1458 1145 1497 omnibus
1175 1460 1343 1496 malitiae

224 1547 252 1568 „
282 1515 457 1555 sordibus
487 1515 634 1554 ablutae
656 1545 667 1563 ,
715 1512 835 1551 nihilo
865 1522 1006 1551 tamen
1035 1517 1168 1551 minus
1197 1513 1245 1554 <9⁴
1276 1525 1344 1565 per

224 1602 252 1622 „
281 1576 455 1622 seipsum
479 1574 547 1619 ei,
595 1572 658 1620 qui
688 1573 861 1620 seipsum
891 1568 1035 1619 praebet
1073 1566 1268 1605 (firmitati
1298 1581 1344 1605 a—

222 1655 250 1675 „
281 1624 469 1663 dorandoe
511 1623 746 1671 Trinitatis,
795 1635 863 1673 per
906 1626 1088 1659 virtutem
1133 1624 1345 1659 int-ocutio—

222 1709 250 1729 9,
278 1694 377 1718 -num
395 1709 405 1728 ,
436 1679 629 1716 donorum
651 1680 886 1729 principium
906 1707 916 1725 ,
948 1675 1174 1728 acsontem
1206 1674 1343 1713 hahet.

223 1763 250 1783 „
282 1735 334 1773 Ac
367 1747 518 1771 rursum
550 1735 588 1771 in
609 1731 923 1778 commentariis,
953 1731 1095 1783 quibus
1125 1731 1279 1782 exponit
1309 1744 1346 1766 e-

223 1817 251 1837 „
281 1786 461 1840 pistolam
480 1788 526 1825 ad
550 1786 740 1824 Romanos
759 1815 769 1833 ,
800 1784 942 1821 Sacrce
959 1814 969 1831 ,
1001 1785 1126 1836 inquit
1143 1814 1154 1831 ,
1185 1788 1343 1822 virtutes

223 1871 251 1890 υ
280 1854 454 1891 capaces
497 1850 588 1879 sunt
641 1838 870 1890 Unigeniti,
918 1839 967 1877 (9⁶
1015 1841 1147 1874 sancti
1178 1836 1345 1885 Spiritus

283 1894 470 1932 deitatis.
502 1894 560 1931 Ad
589 1891 693 1930 hunc
722 1892 881 1929 modum
899 1920 910 1939 ,
939 1891 1102 1941 opinor,
1134 1891 1345 1926 traditionis

282 1949 322 1987 vi
351 1962 453 1992 saene
482 1945 671 1998 compulit
693 1944 866 1982 homiues
884 1973 894 1992 ,
924 1946 1038 1981 etiam
1061 1944 1138 1981 suis
1168 1944 1342 1995 ipsorum

831 2000 856 2018 (ί

873 2022 884 2035 0

220 1386 248 1407 2>

225 1924 253 1945 2²

225 1977 254 2051 ΞΖ
284 1995 522 2054 dogmatibus
549 1999 806 2038 contradicere

283 2069 344 2108 ις).
374 2056 516 2103 Quinto
558 2054 648 2090 citat
690 2053 804 2088 etiam
832 2049 983 2087 Julium
1015 2050 1244 2087 Africanum
1286 2048 1346 2087 hi-

223 2111 405 2148 storicum
423 2138 433 2156 ,
469 2108 539 2160 qui
568 2107 609 2143 in
640 2106 774 2157 quinta
804 2103 849 2140 de
878 2103 1116 2155 temporibus
1147 2105 1313 2154 epitoma
1335 2133 1345 2151 ,

223 2177 298 2201 nos
328 2167 464 2210 enim,
496 2160 694 2212 inquit....
735 2161 890 2210 gratias
921 2160 1082 2209 agimus
1113 2155 1254 2203 Patri,
1283 2160 1347 2207 qui

225 2216 334 2256 nohis
365 2220 444 2254 suis
473 2217 667 2253 creaturis
709 2211 872 2263 proebuii
902 2214 1174 2248 iuiiversorum
1204 2208 1347 2247 Serra-

227 2281 355 2310 torem
373 2302 383 2320 ,
413 2284 463 2308 ac
493 2268 628 2307 Jesum
663 2266 891 2310 Christum3
935 2268 998 2302 cui
1027 2264 1154 2318 gloria
1174 2295 1184 2313 ,
1216 2265 1346 2316 maje-

227 2335 339 2374 stas,
370 2338 462 2363 cwn
491 2332 633 2362 sancto
649 2321 794 2371 Spiritu
824 2324 865 2358 ιή
894 2318 1042 2357 saecula
1060 2344 1071 2356 .
1101 2319 1158 2357 lta
1186 2317 1348 2356 Sanctus

227 2380 391 2418 Basilius
433 2375 799 2417 pneumatomachos
841 2387 886 2412 ex
929 2372 1130 2411 traditione
1174 2380 1349 2412 veterum

230 2434 491 2488 quorumdam
521 2431 675 2469 Patrnm
705 2429 953 2468 revincebat.

286 2503 351 2527 2ο.
384 2486 555 2526 Addebat
584 2486 700 2523 etiam
729 2497 882 2522 sacrum
926 2482 1116 2535 hymnum
1157 2478 1350 2533 glorifica-

229 2543 371 2590 tionis,
401 2540 512 2593 cujus
543 2554 631 2578 usus
657 2547 738 2576 erat
767 2536 920 2590 populis
951 2535 1182 2582 familiaris,
1221 2534 1254 2570 8<
1285 2549 1352 2572 an—

229 2597 492 2649 tiquissimus,
524 2593 693 2632 scilicet:
726 2591 869 2630 Gloria
901 2589 1038 2639 Patri,
1067 2589 1117 2631 ὠ·
1148 2587 1272 2636 Filio,
1303 2587 1351 2628 Θ

231 2650 391 2702 Spiritui
419 2657 586 2687 sancto.
619 2646 792 2685 Addebat
811 2645 964 2683 tandem
995 2646 1112 2682 etiam
1142 2656 1271 2695 preces
1300 2642 1356 2679 Iu-

233 2708 472 2752 cernarias,
502 2704 553 2740 ita
581 2703 727 2749 dictas,
779 2701 873 2753 quia
902 2713 924 2736 a
953 2697 1134 2736 fidelibus
1164 2705 1278 2734 noctu
1307 2696 1356 2733 si-

231 2758 314 2798 mul
344 2757 513 2796 collectis
541 2757 588 2794 ad
617 2755 795 2794 lucernas
825 2754 872 2791 ad
901 2753 1031 2791 Deum
1062 2750 1320 2790 fundebantur
1341 2779 1353 2798 ,

234 2812 269 2849 &
299 2814 336 2851 in
365 2811 507 2863 quibus
555 2809 718 2862 populus
748 2809 948 2861 antiquam
978 2805 1177 2859 proferens
1220 2817 1355 2843 vocem

233 2868 288 2905 ita
315 2865 487 2904 dicebat:
533 2862 772 2901 Laudamus
803 2862 994 2908 Patrem,
1024 2861 1074 2901 ἔθ’
1104 2857 1248 2897 Filium
1267 2889 1278 2907 ,
1307 2858 1356 2898 <9⁶

235 2920 426 2971 Spiritum
453 2927 641 2957 sanctum
663 2916 740 2954 Dei
762 2943 773 2954 .
802 2916 845 2954 Si
872 2924 1002 2954 autem
1032 2923 1176 2952 veteres
1206 2910 1357 2951 Fideles

243 2976 418 3012 eumdem
450 2972 621 3020 cultum,
652 2970 904 3024 eamdemque
933 2969 1216 3006 venerationem
1234 2998 1244 3016 ,
1274 2966 1359 3004 lau-

239 3027 324 3065 dem
343 3058 354 3077 ,
396 3027 430 3064 8e
458 3028 623 3081 gloriam
651 3024 815 3078 Spiritui
844 3033 972 3063 sancto
1002 3021 1267 3070 exhibebant,
1314 3034 1359 3059 ac

296 3226 344 3261 (a)
370 3220 538 3254 earm-,tus
567 3233 657 3256 anno
675 3221 767 3256 325:
784 3232 881 3254 num.
906 3220 983 3264 174.
1012 3217 1207 3253 arbitratur
1224 3240 1235 3260 ‚
1261 3227 1364 3251 usum

246 3266 437 3311 doxologx'ae
479 3268 513 3299 in
540 3271 649 3301 sacris
676 3270 831 3312 liturgiis
875 3267 917 3301 ab
945 3266 1028 3311 ipsis
1055 3265 1233 3310 Apostolis
1258 3265 1366 3308 origi-

246 3328 328 3349 nem
357 3314 519 3348 trahere.
572 3314 651 3346 Non
685 3327 804 3348 omnes
834 3324 952 3348 tamen
977 3313 1042 3346 hac
1080 3314 1116 3345 in
1153 3323 1190 3345 re
1216 3311 1365 3345 Batonio

244 3363 493 3395 consentiunt.
520 3358 602 3393 Vid.
629 3359 733 3392 Carti.
762 3362 854 3393 Bona
880 3363 923 3394 de
942 3362 1059 3393 divina
1080 3360 1273 3401 psalmodia
1288 3368 1362 3402 cap.

249 3410 303 3442 16.
329 3411 359 3450 §-
379 3408 437 3448 6.,
465 3410 495 3440 δε
521 3407 581 3452 qui
607 3405 648 3439 de
674 3407 782 3441 sacris
808 3407 975 3441 Ecclesiae
1002 3406 1132 3439 ritibus
1159 3413 1290 3450 agunt.

1002 137 1409 184 DISSERTATIO
1443 136 1499 181 V.
1547 131 1676 180 GA‘P.
1708 134 1743 178 Ι.

1415 216 1564 255 duobus
1591 215 1678 253 aliis
1707 212 1847 253 divinis
1877 212 2050 254 Personis
2077 214 2224 264 Patris,
2255 213 2289 252 8<
2319 213 2445 265 Filii,
2474 215 2536 256 iu-

1415 271 1588 309 culeuter
1603 277 1788 320 apparet,
1819 267 2023 306 credidisse
2039 282 2099 307 eos
2115 299 2126 318 ,
2156 270 2344 322 Spiritum
2358 281 2534 309 sanctum

1417 324 1587 376 ejusdem
1609 336 1686 360 esse
1715 321 1936 373 dignitatis,
1967 335 2011 359 ac
2032 325 2192 373 proinde
2219 324 2390 376 ejusdem
2421 326 2536 364 etiam

1415 378 1639 416 substantiae
1670 389 1758 413 cum
1789 374 1925 422 Patre,
1956 374 1990 411 ἃ
2021 373 2125 412 Filio
2155 376 2247 425 (a).

1473 445 1535 470 21.
1560 431 1705 468 Contra
1734 441 1825 468 vero
1856 429 2016 477 Ariani,
2045 429 2114 481 qui
2144 428 2319 479 Filium,
2349 431 2383 468 se
2412 432 2538 484 Spiri-

1415 494 1499 523 tum
1527 492 1700 522 sanctum
1721 481 1822 520 Patri
1852 482 2052 520 inferiores
2083 495 2159 520 esse
2188 483 2419 535 censebant,
2450 495 2539 525 teste

1420 539 1661 575 Theodoreto
1683 536 1772 575 Lib.
1794 533 1864 573 lV.
1895 534 2089 574 Haeretic.
2118 534 2363 574 Fabularum
2389 551 2478 591 cap.
2502 554 2537 579 ι..

1415 591 1701 644 glorificationis
1744 590 1936 643 hymnum
1979 591 2263 638 immutarunt,
2309 603 2377 628 suo
2418 602 2539 632 marte

1414 647 1606 684 dicentes:
1638 643 1780 682 Gloria
1810 643 1925 681 Patri
1952 657 2022 695 per
2042 642 2185 683 filium
2214 648 2256 682 in
2285 653 2429 683 sancto
2448 645 2535 699 Spi-

1414 703 1489 736 ritu
1522 698 1578 750 (b)
1597 725 1607 737 .
2237 710 2242 714 ‘

1470 766 1533 792 22.
1564 752 1700 804 ‘Neque
1741 751 1959 790 audiendus
1996 761 2048 791 est
2077 750 2347 806 Philostorgius
2376 754 2538 793 Ariano-

1412 819 1500 845 rum
1531 806 1883 859 historiographus,
1931 805 2002 860 ¹qui
2031 806 2122 845 Lib.
2143 806 2213 844 ΙΙΙ.
2240 821 2328 860 cap.
2356 808 2416 847 15.
2446 822 2538 847 con-

1411 869 1469 899 tra
1496 862 1671 899 omnium
1702 860 1820 898 fidem
1850 860 2019 899 scribere
2047 874 2124 899 non
2155 869 2205 898 est
2233 863 2403 911 veritus,
2444 861 2537 900 Fla·

1412 916 1596 964 vianum,
1644 916 1712 968 qui
1743 913 1886 953 saeculo
1918 914 1966 953 V.
2011 914 2230 954 Ecclesiam
2258 914 2538 955 Antiochenam

1411 983 1553 1021 magna
1581 982 1669 1006 cum
1699 967 1813 1006 laude
1843 968 2161 1016 administrabat,
2209 967 2369 1008 collecta
2398 969 2538 1008 Mona·

1410 1022 1572 1061 chorum
1602 1021 1854 1061 multitudine
1882 1026 2058 1072 primum
2087 1026 2270 1061 omnium
2299 1024 2536 1062 acclamas·

1409 1090 1479 1114 se:
1509 1075 1646 1125 Patri,
1672 1076 1724 1117 (9¹
1755 1075 1915 1126 Spiritui
1944 1086 2113 1115 sancto.
2156 1076 2265 1115 Nihil
2297 1077 2430 1116 falsius
2458 1078 2537 1116 dici

1410 1138 1582 1182 poterat,
1631 1144 1721 1168 cum
1753 1128 1851 1170 nihil
1892 1131 1996 1183 apud
2026 1140 2170 1170 veteres
2214 1131 2430 1170 inveniatur
2460 1130 2532 1171 hac

1409 1183 1610 1235 doxologia
1641 1183 1906 1236 frequentius,
1937 1187 2152 1236 praesertim
2182 1185 2221 1221 in
2251 1185 2364 1224 rebus
2394 1187 2535 1224 sacris.

1466 1237 1532 1276 25.
1563 1236 1723 1275 Frustra
1765 1238 1880 1274 etiam
1921 1247 2034 1286 sunt,
2082 1238 2151 1290 qui
2194 1251 2283 1275 cum
2313 1238 2532 1278 Zvvickero

1409 1293 1484 1342 (in
1501 1290 1655 1329 ,frenico
1670 1293 1912 1327 irenicorum
1932 1304 2018 1343 pag.
2032 1303 2096 1343 29.
2115 1291 2130 1339 )
2153 1292 2404 1343 respondent,
2434 1293 2539 1346 apud

1409 1354 1554 1383 veteres
1569 1345 1709 1382 dicitur
1725 1343 1940 1396 plurimum
1960 1344 2215 1384 consuevisse:
2250 1342 2390 1388 Gloria
2401 1345 2538 1394 Patri,

1410 1400 1460 1439 ὅ)
1478 1397 1595 1447 Filio,
1624 1402 1666 1435 in
1682 1397 1828 1448 Spiritu
1841 1406 2004 1448 sancto,
2033 1398 2093 1437 vel
2106 1410 2197 1435 cum
2213 1397 2360 1448 Spiritu
2375 1407 2540 1437 sancto.

1470 1452 1533 1498 24.
1565 1453 1666 1491 Nam
1696 1452 1738 1490 S.
1769 1451 1933 1490 Basilius
1964 1453 2004 1491 in
2047 1451 2152 1492 laud.
2181 1451 2285 1490 libro
2313 1451 2362 1490 de
2392 1451 2540 1503 Spiritu

1412 1515 1556 1545 sancto
1586 1505 1766 1559 pluribus
1796 1505 2009 1559 exemplis,
2040 1507 2073 1544 &
2095 1507 2330 1559 argumentis
2357 1508 2539 1558 ostendit,

1413 1560 1511 1599 hanc
1538 1575 1619 1599 esse
1649 1574 1811 1614 parvam
1843 1561 2077 1611 verborum,
2118 1574 2190 1600 non
2220 1574 2352 1599 rerum
2377 1561 2540 1600 diversi-

1412 1623 1553 1653 tatem:
1584 1615 1764 1667 idemque
1795 1628 1946 1668 prorsus
1975 1624 2135 1668 utroque
2164 1614 2277 1652 modo
2307 1614 2539 1667 significari3

1414 1671 1493 1707 imo
1522 1670 1648 1722 potius
1679 1667 1777 1706 hanc
1809 1668 2040 1721 particulam
2083 1682 2177 1707 cum
2206 1669 2395 1722 aptiorem
2425 1684 2504 1708 esse
2525 1699 2536 1717 ,

1414 1725 1508 1776 quia
1538 1737 1582 1761 ea
1610 1736 1687 1761 non
1716 1722 1838 1760 solum
1869 1722 2209 1772 Sabellianorum,
2246 1722 2311 1761 sed
2341 1723 2456 1761 etiam
2487 1724 2538 1762 A-

1415 1779 1613 1816 rianorum
1643 1775 1825 1829 jugulum
1848 1779 1953 1829 petit.
1983 1776 2174 1816 particula
2203 1786 2330 1814 antem
2352 1781 2393 1815 in
2420 1779 2541 1830 signi-

1414 1830 1530 1879 ficat,
1560 1831 1751 1884 Spiritum
1781 1839 1959 1878 sanctum
1987 1846 2066 1870 esse
2093 1833 2204 1885 quasi
2234 1830 2352 1870 Patris
2381 1831 2414 1868 &
2445 1832 2541 1884 Filii

1414 1884 1638 1923 vinculum:
1669 1885 1770 1922 unde
1799 1893 1915 1923 etiam
1936 1885 2111 1924 Ecclesia
2140 1888 2178 1925 in
2199 1887 2275 1925 suis
2303 1885 2540 1926 orationibus

1416 1936 1545 1974 dicere
1574 1937 1690 1976 solet:
1723 1942 1763 1974 in
1792 1943 1945 1977 unitate
1974 1939 2142 1991 Spiritus
2171 1944 2326 1979 sancti.

1472 1991 1536 2028 25.
1567 1990 1642 2028 Sed
1673 2000 1857 2043 praeterea
1899 2003 2037 2044 praesto
2064 1996 2180 2033 etiam
2223 2004 2308 2032 sunt
2344 1993 2540 2032 nonnullae

1415 2045 1693 2096 antiquissimae
1723 2044 1934 2097 doxologiae
1953 2076 1964 2094 ,
2012 2048 2052 2085 in
2080 2048 2223 2099 quibus
2253 2046 2384 2086 nullus
2421 2048 2538 2101 plane

1419 2107 1471 2135 est
1501 2097 1711 2136 cavillandi
1740 2097 1871 2137 locus.
1902 2099 1943 2137 S.
1971 2098 2206 2154 Polycarpus
2236 2102 2287 2138 ita
2316 2115 2425 2139 suam
2455 2115 2541 2141 ora-

1416 2152 1557 2188 tionem
1599 2152 1647 2188 ad
1677 2159 1863 2188 aeternum
1895 2151 2046 2190 Patrem
2084 2164 2171 2192 ante
2201 2157 2434 2206 martyrium
2472 2156 2542 2195 ab-

1416 2203 1551 2242 solvit:
1604 2203 1856 2255 Quapropter
1885 2203 1934 2241 de
1962 2205 2142 2244 omnihus
2172 2206 2292 2244 laudo
2321 2215 2387 2256 te,
2425 2207 2543 2247 bene—

1416 2257 1503 2295 dico
1533 2267 1596 2307 te,
1626 2256 1859 2311 glorificabo
1889 2266 1928 2296 te
1957 2271 2049 2296 cum
2079 2264 2351 2311 sempiterno,
2381 2261 2431 2303 ὠ·
2461 2275 2542 2301 cae-

1418 2312 1504 2350 lesti
1532 2311 1625 2350 Jesu
1657 2310 1811 2349 Christo
1841 2311 1983 2351 dilecto
2012 2322 2078 2351 tuo
2107 2314 2231 2364 Filio,
2274 2327 2366 2352 cum
2395 2329 2469 2367 quo
2498 2319 2545 2354 ti-

1418 2365 1454 2404 bc·
1472 2397 1482 2415 ,
1530 2366 1579 2408 ἔθ’
1609 2365 1771 2415 Spiritui
1799 2375 1941 2408 sancto
1969 2367 2129 2420 gloria,
2172 2369 2221 2410 ὠ
2251 2382 2385 2418 nunc,
2421 2369 2471 2411 (9¹
2500 2374 2544 2408 in

1406 2419 1559 2474 futura
1586 2421 1767 2459 saecula.
1805 2420 1938 2460 Amen
1969 2425 1985 2474 (
2015 2422 2059 2461 In
2088 2422 2193 2462 Actis
2222 2422 2407 2476 Martyrii
2437 2424 2543 2478 apud

1423 2474 1667 2513 Ruinartium
1697 2475 1744 2525 >⁴

1478 2529 1543 2568 26.
1573 2528 1667 2581 Obj.
1702 2542 1735 2567 1..
1765 2527 1808 2568 Si
1843 2536 1960 2568 totam
1989 2529 2030 2569 S.
2060 2529 2303 2584 Scripturam
2351 2547 2373 2570 a
2419 2534 2545 2585 capite

1425 2583 1472 2621 ad
1502 2583 1648 2622 calcem
1677 2597 1948 2636 percurramus
1966 2615 1977 2634 ,
2014 2584 2158 2624 nullibi
2190 2587 2428 2625 inveniemus
2457 2587 2546 2640 Spi-

1425 2638 1542 2676 ritum
1568 2647 1746 2676 sanctum
1764 2637 2014 2691 „appellatum
2045 2639 2172 2679 Deum
2190 2670 2201 2689 ,
2237 2640 2381 2679 nullibi
2412 2641 2547 2679 adora-

1426 2699 1506 2729 tum
1524 2723 1535 2741 ,
1566 2701 1629 2730 aut
1658 2693 1903 2731 invocatum.
1935 2692 2006 2731 Da.
2025 2698 2328 2739 testimonium„
2358 2693 2420 2732 uln·
2449 2692 2546 2731 ado·

1423 2755 1536 2783 ratur
1565 2745 1733 2796 Spiritus
1753 2775 1764 2794 ,
1813 2747 2065 2785 audacissime
2095 2748 2327 2800 provocabat
2356 2748 2545 2787 Maximi-

1424 2813 1492 2837 nus
1524 2800 1688 2839 Arianus
1717 2801 1820 2854 apud
1849 2800 1890 2840 S.
1923 2801 2177 2853 Augustinum
2206 2803 2254 2842 L.
2275 2803 2323 2840 ll.
2352 2809 2481 2839 contra
2511 2802 2544 2839 i-

1426 2867 1537 2905 psum
1555 2869 1640 2906 cap.
1658 2855 1696 2894 5.
1714 2885 1724 2903 ,
1754 2854 1789 2891 8<
1805 2856 1906 2907 apud
1923 2854 1963 2893 S.
1984 2854 2234 2895 Athanasium
2254 2855 2370 2893 Orat.
2386 2853 2545 2893 XXXI.

1418 2906 1521 2945 alias
1550 2908 1760 2948 XXXVII.
1802 2910 2139 2963 conquerebantur
2176 2908 2511 2946 Pneumatomachi
2534 2938 2545 2958 ,

1425 2966 1682 3014 peregrinum
1710 2962 1846 3000 Deum
1863 2994 1873 3012 ,
1904 2964 2086 3014 nulloque
2113 2962 2328 3013 Scripturce
2357 2963 2440 3000 loco
2458 2975 2546 3014 pro·

1428 3015 1554 3054 ditum
1583 3016 1777 3056 introduci
1792 3032 1807 3063 ,-
1847 3018 1950 3070 quod
1977 3018 2026 3055 ad
2053 3030 2235 3055 nauseam
2266 3030 2385 3068 usque
2415 3029 2550 3058 recan-

2408 3079 2490 3109 tant

1477 3213 1522 3253 (ὃ)
1548 3209 1631 3245 vid.
1662 3212 1771 3246 Henr.
1797 3209 1958 3246 Valesius
1985 3210 2020 3244 in
2048 3210 2139 3245 notis
2159 3208 2201 3244 ad
2229 3223 2304 3256 cap.
2326 3222 2380 3244 21.
2408 3209 2485 3244 Lib.
2506 3208 2549 3242 Π.

1433 3258 1659 3342 ἐξίῖἓῃξίιοὶοῖ-
1699 3260 1851 3295 Socratis
1870 3281 1881 3300 ,
1910 3261 1954 3291 ⁴&
1980 3257 2023 3292 ad
2059 3270 2135 3304 cap.
2153 3260 2187 3295 8.
2215 3259 2294 3293 Lib.
2319 3258 2419 3293 Hist·
2445 3256 2548 3290 Ecet-
