2577 3633
811 87 892 134 DE
924 85 1259 133 REPROBAT.
1291 87 1599 135 Pos-ITIVA‚

24 169 124 224 >seph
153 169 200 212 ad
230 169 363 211 fratres
388 179 501 217 sum,
529 167 710 208 videlicet
738 170 994 209 venditionem
1024 169 1081 206 sui
1098 169 1148 208 ab

31 227 123 277 ipsis
153 226 316 272 factam,
363 228 452 275 quae
481 231 581 260 certe
609 222 763 262 crudele
803 224 952 262 crimen
981 223 1078 270 fuit,
1126 237 1149 260 a

33 279 117 317 Deo
143 281 185 318 in
207 278 357 316 bonum
387 276 503 314 fuisse
531 276 772 323 ordinatam3
818 277 920 329 quod
947 274 1087 327 Joseph
1118 276 1150 313 i-

34 346 100 384 pse
130 338 256 383 postea
301 329 444 368 clarius
491 332 675 382 expressit
704 332 804 369 Gen.
833 330 881 369 L.
903 342 968 368 2ο.
1012 328 1150 366 iisdem

33 384 214 425 fratribus
255 383 410 421 dicens:
456 395 521 422 ros
563 388 747 436 cogitatis
776 383 824 423 cle
865 396 932 421 me
961 382 1148 430 malum,

34 436 103 476 sed
122 435 233 474 Deus
262 439 450 474 convertit
478 436 572 475 illuri
600 441 641 475 in
662 437 834 476 bonum.
863 437 997 489 Neque
1026 436 1152 483 obest,

63 489 136 527 uod
165 489 311 528 ibidem
338 490 432 528 dicit
459 489 595 543 Joseph
614 521 626 540 ,
673 492 792 529 nolite
834 494 1005 529 timere:
1053 501 1152 526 num

33 504 114 580 zei
140 555 347 593 possumus
375 547 558 582 resistere
587 543 815 583 voluntati?
871 544 1004 596 'Neque
1047 544 1150 581 enim

32 594 119 634 haec
166 597 283 635 verba
325 597 533 649 respiciunt
575 598 830 637 venditionem
857 597 997 648 Joseph
1040 595 1152 648 quasi

33 649 120 688 baec
148 649 248 688 facta
270 649 383 688 fuerit
411 663 456 688 ex
486 650 718 690 irresistibili
738 652 814 690 Dei
844 650 1057 697 voluntate,
1088 648 1152 687 sed

34 703 159 755 potius
188 704 398 756 respiciunt
426 704 555 756 ipsum
584 704 723 757 Joseph
741 734 751 752 ,
781 705 849 758 qui
880 705 1048 742 resistere
1078 715 1152 740 non

34 764 179 808 poterat
209 756 291 795 Deo
319 756 486 807 volenti,
534 765 574 795 ut
601 758 787 797 fratribus
828 759 906 796 suis
948 764 1152 809 parceret3

36 808 99 847 vel
128 811 252 862 potius
279 811 391 851 totius
419 812 474 849 rei
502 819 615 863 gestae
643 824 836 849 summam
855 840 866 858 ,
908 823 982 847 non
1021 817 1154 860 quate-

35 876 109 901 nus
132 862 321 902 delictum
352 865 515 902 fra-trum
544 863 788 912 continebat,
823 863 888 901 sed
916 870 1104 915 quatenus
1133 876 1156 900 a

39 915 123 954 Deo
150 919 279 956 omnia
308 918 348 956 in
377 918 522 956 bonum
551 929 730 956 conversa
758 924 864 955 erant
882 940 892 954 .

95 970 187 1022 257.
217 969 455 1009 Postremum
474 971 520 1009 de
548 970 832 1022 comparatione
862 968 972 1020 figuli
1002 967 1156 1006 nullum

40 1022 198 1061 facesset
225 1026 417 1076 negotium
434 1053 446 1072 ,
493 1023 525 1060 si
554 1036 644 1060 cum
673 1022 714 1061 S.
745 1022 958 1074 Augustino
985 1022 1157 1060 conside-

41 1090 197 1125 remus,
229 1076 451 1128 Apostolum
480 1075 589 1127 loqui
618 1076 664 1113 de
694 1089 817 1114 massa
845 1076 992 1127 generis
1020 1075 1159 1112 huma-

41 1131 82 1167 ni
111 1138 322 1180 corrupta,
369 1129 419 1169 ἔθ’
449 1131 590 1166 vitiata
626 1141 700 1180 per
730 1138 961 1180 peccatum3
1008 1141 1053 1166 ex
1083 1141 1160 1180 qua.

43 1182 146 1220 Deus
169 1194 243 1234 ¹pro
272 1181 422 1220 infinita
451 1195 519 1220 sua
539 1182 803 1221 misericordia
831 1181 964 1234 aliqua
991 1195 1083 1220 vasa
1104 1182 1159 1219 fa-

43 1237 94 1273 cit
122 1239 164 1273 in
191 1234 411 1284 honorem,
439 1234 518 1274 alia
546 1248 617 1287 pro
644 1249 713 1274 sua
741 1235 983 1274 inscrutabili
1013 1234 1160 1287 justitia

39 1291 83 1326 in
111 1290 399 1327 contumeliam
416 1319 427 1337 ,
457 1297 556 1339 apta
585 1292 628 1326 in
656 1292 889 1337 interitum,
932 1298 971 1326 ut
1001 1287 1161 1340 proinde

41 1342 161 1393 primi
188 1342 353 1380 debeant
392 1342 673 1380 misericordias
702 1342 862 1381 Domini
905 1343 944 1380 in
975 1351 1162 1380 aeternum

42 1402 221 1442 cantare,
268 1394 338 1433 alii
382 1407 475 1433 >vero
519 1395 696 1433 divinam
744 1394 930 1445 justitiam
976 1395 1133 1433 laudare
1150 1420 1161 1432 .

45 1475 73 1496 „
104 1449 239 1485 Annon
257 1477 267 1496 ,
298 1449 421 1500 inquit
441 1447 482 1487 S.
512 1446 621 1486 Pater
649 1447 772 1499 Epist.
800 1448 887 1499 194.
917 1447 968 1485 al.
996 1449 1084 1485 105.
1115 1447 1163 1485 ad

46 1527 74 1550 „
104 1500 257 1538 Sixtunl
287 1515 374 1553 cap.
398 1502 434 1539 5.
453 1531 464 1549 ,
512 1500 626 1539 habet
669 1509 885 1553 potestatem
916 1500 1055 1552 figulus
1093 1498 1163 1537 luti

47 1581 75 1602 „
105 1566 152 1590 ex
179 1555 313 1592 eadem
343 1568 465 1594 massa
495 1558 625 1606 utique
655 1558 824 1603 merito,
872 1563 1053 1601 recteque
1091 1552 1165 1589 <la-

47 1634 76 1656 „
106 1616 254 1645 mnata
282 1608 408 1646 facere
436 1606 542 1647 aliud
559 1622 623 1648 vas
652 1609 690 1645 iu
720 1607 904 1646 honorem
925 1606 1163 1654 indebitum,

49 1688 77 1709 „
109 1669 261 1710 propter
291 1662 562 1700 misericordias
591 1662 777 1713 gratiam,
826 1659 932 1699 aliud
961 1662 1002 1698 in
1030 1668 1163 1699 contu-

49 1740 78 1761 „
109 1712 268 1751 melfam
297 1714 495 1763 debitam,
523 1724 678 1767 propter
707 1715 776 1751 irae
805 1712 1023 1764 justitiam?
1045 1715 1070 1734 “
1115 1711 1164 1749 Et

49 1764 92 1803 S.
123 1765 293 1804 Thomas
333 1768 373 1804 in
401 1767 613 1805 comment.
660 1766 757 1803 bene
799 1765 987 1812 advertit,
1034 1763 1164 1800 locum

50 1817 219 1869 querela:
243 1832 326 1856 *esse
349 1832 486 1870 posse,
513 1820 547 1856 si
575 1818 712 1857 artifex
741 1830 787 1854 ex
818 1818 976 1855 materia
1004 1816 1168 1868 pretiosa

53 1871 196 1908 faceret
224 1885 313 1909 vasa
332 1870 427 1909 vilia
444 1901 455 1919 ,
484 1884 559 1910 non
588 1879 715 1909 autem
744 1871 776 1909 si
804 1883 848 1908 ea
877 1870 993 1907 faciat
1020 1881 1066 1905 ex
1087 1883 1168 1906 ma-

53 1924 149 1962 teria
178 1923 278 1963 vili.
308 1924 510 1962 Humana
529 1933 669 1963 autem
696 1932 849 1962 natura
876 1923 1068 1963 vilitatem
1097 1921 1168 1960 lia-

52 1975 116 2029 bet
142 1989 196 2015 ex
223 1981 284 2016 sui
313 1982 489 2018 materia
505 2004 547 2017 ...
576 1977 646 2017 sed
661 1979 862 2032 majorem
891 1977 1081 2016 vilitatem
1098 1974 1169 2013 lia-

53 2028 116 2068 bet
142 2044 196 2069 ex
225 2036 473 2083 corruptione
499 2036 682 2084 peccati.

109 2085 203 2124 258.
232 2086 306 2124 Sed
334 2086 538 2126 cavillatur
567 2085 714 2125 Theod.
743 2084 866 2125 Beza.
914 2083 957 2124 Si
998 2085 1049 2123 ita
1084 2091 1169 2132 est,

52 2151 169 2177 eccur
198 2139 399 2191 Apostolus
426 2153 504 2179 non
532 2140 630 2179 dixit
647 2171 658 2190 ,
706 2140 836 2178 Deum
864 2139 906 2177 in
936 2152 1058 2177 massa
1088 2150 1171 2175 cor-

55 2199 170 2243 rupta
197 2193 411 2245 relinquere
433 2207 522 2232 vasa
550 2195 620 2231 irae
650 2201 740 2246 apta
769 2194 810 2231 in
839 2189 1062 2231 interitum?
1092 2189 1171 2227 Cur

55 2246 182 2297 potius
199 2258 286 2282 usus
315 2254 367 2284 est
397 2246 515 2285 verbo
531 2246 708 2298 facere,
738 2247 814 2284 nisi
832 2255 870 2283 ut
890 2244 1169 2297 intelligamus,

58 2298 190 2349 :ipsum
219 2297 348 2336 Deum
377 2313 493 2347 vere,
525 2300 559 2336 ἃ
586 2300 741 2352 proprie
771 2300 896 2337 facere
925 2312 994 2336 sua
1022 2296 1170 2349 praede-

59 2351 258 2389 stinatione
287 2365 378 2390 vasa
407 2351 506 2390 irae?
550 2353 688 2405 Neque
718 2351 876 2390 ulterius
905 2350 1080 2392 laborare
1109 2349 1172 2386 de-

53 2402 203 2443 buisset
234 2403 462 2456 Apostolus,
506 2413 547 2443 ut
575 2405 760 2457 justitiam
790 2405 863 2443 Dei
894 2404 943 2443 ab
974 2403 1174 2441 hominum

55 2457 225 2510 querelis
244 2457 483 2507 defenderet,
511 2459 740 2497 recurrendo
755 2459 802 2496 ad
821 2471 1039 2509 supremam
1057 2457 1176 2508 ipsius

60 2511 294 2549 voluntatem
313 2540 324 2559 ,
353 2513 422 2564 qui
442 2512 554 2563 cujus
584 2512 660 2549 vult
676 2541 688 2559 ,
719 2515 929 2549 miseretur
945 2540 955 2558 ‚
986 2511 1034 2550 (9¹
1049 2522 1173 2559 ⁸quem

60 2565 166 2613 vult,
197 2563 390 2609 indurat5
419 2564 452 2602 ἃ
482 2567 534 2603 ita
553 2563 701 2603 homiui
730 2577 768 2600 os
797 2564 1016 2611 obstruere,
1046 2563 1174 2601 dicen-

63 2618 136 2655 do:
165 2631 189 2655 ο
217 2616 359 2665 homo,
388 2627 428 2655 tu
457 2622 542 2671 quis
571 2631 613 2657 es
630 2648 640 2666 ,
684 2621 748 2668 qui
776 2616 1019 2668 respondeas
1048 2615 1176 2654 Deo?

63 2667 270 2722 R⁷umquirl
299 2670 659 2748 (licitxfigmentum
688 2674 724 2708 ei
744 2674 808 2721 qui
836 2683 878 2708 se
895 2669 1054 2722 finxit:
1085 2669 1177 2721 quid

63 2737 133 2763 me
149 2724 292 2777 fecisti
320 2729 397 2763 sic.
451 2726 599 2763 Annon
628 2722 743 2762 habet
769 2733 1003 2774 potestatem
1020 2723 1176 2776 figulus

65 2779 137 2816 luti
165 2778 265 2825 &c.;
295 2778 378 2817 haec
407 2781 509 2818 euim
538 2779 666 2817 omnia
696 2791 978 2829 supervacanea
1006 2785 1117 2826 suut,
1146 2777 1180 2816 si

65 2831 268 2884 Apostolus
287 2833 505 2871 credidisset
522 2862 532 2880 ,
563 2831 868 2885 reprobationem
889 2831 1090 2871 hominum
1104 2830 1179 2870 fie-

56 2894 102 2937 ixi
128 2905 174 2930 ex
201 2903 325 2931 massa
353 2887 432 2942 jam
462 2895 617 2940 peccato
646 2885 802 2924 vitiatas

75 3081 143 3104 crae
170 3069 288 3114 script.
307 3071 382 3105 loca
399 3071 616 3118 perpendens
635 3070 706 3106 aitt
732 3068 906 3117 Numquid
924 3071 1089 3117 iniquitas
1105 3082 1186 3118 pei·-

75 3119 281 3160 seqnentium
297 3117 470 3152 Christum
494 3132 536 3153 ex
558 3119 628 3152 Dei
655 3126 731 3151 orta
748 3127 804 3152 est·
828 3122 1002 3160 consilio,
1028 3123 1069 3154 (θ’
1095 3121 1185 3154 illud

65 3164 238 3207 faeimzs,
274 3164 360 3205 quod
383 3169 469 3198 omni
494 3168 603 3212 majus
629 3173 683 3199 est
708 3168 873 3206 crimine,
910 3179 1025 3200 mamis
1061 3168 1184 3200 divina

71 3210 282 3254 proditionis
307 3214 473 3244 armavit?
504 3212 585 3246 Non
600 3213 674 3245 -hoc
698 3214 798 3254 plane
823 3213 867 3246 cle
892 3226 1016 3246 summa
1035 3214 1180 3259 justitia

76 3255 289 3288 sentiendum
312 3261 365 3285 est
379 3270 393 3291 ;
418 3261 494 3297 quia
510 3261 644 3292 multum
669 3260 860 3298 diversum,
884 3262 1080 3303 multumque
1102 3271 1183 3292 con-

72 3306 217 3340 trarium
243 3307 296 3332 est
322 3300 386 3338 id,
422 3304 507 3345 quod
531 3308 566 3337 in
585 3306 728 3338 <Christi
757 3313 812 3339 est
833 3310 997 3351 passione
1027 3308 1182 3351 disposi-

181 3346 421 3398 Gazzaniga
452 3346 581 3391 Uzeol.
610 3351 723 3393 Tem.
743 3352 793 3392 H-

2180 111 2266 153 209

1272 170 1363 222 259.
1396 169 1509 223 Resp.
1540 166 1654 207 facile
1683 167 1750 207 has
1774 168 1936 208 subtiles
1980 169 2242 212 cavillationes
2269 177 2328 214 diu

1217 221 1300 269 lui3
1342 238 1432 262 nam
1463 231 1649 276 quantum
1679 222 1726 260 ad
1756 224 1950 274 primam,
1993 226 2225 266 eredendum
2250 231 2329 266 mi<

1216 277 1322 313 nime
1351 286 1434 326 est,
1483 276 1785 329 reprobationem
1813 277 1975 326 positam
2003 290 2079 316 non
2109 293 2185 318 esse
2202 311 2213 329 ,
2258 283 2332 322 nisi

1217 328 1435 380 simplicem
1453 360 1463 378 ,
1494 342 1709 382 puramque
1728 328 2013 367 derelictionem
2033 332 2074 369 in
2090 346 2213 372 massa
2243 348 2331 386 per-

1217 381 1369 420 ditionis
1388 413 1398 430 ,
1429 383 1572 422 scilieet
1594 396 1668 436 ,per
1697 381 1816 420 solam
1832 383 2066 433 negationem
2088 387 2332 436 praedestina—

1221 435 1329 472 tionis
1359 436 1408 473 ad
1437 439 1582 482 vitam;
1629 445 1682 474 est
1710 437 1814 473 enim
1854 447 2012 483 verum,
2061 437 2094 473 8<
2125 441 2334 490 positivum

1220 488 1416 526 decretum
1436 519 1445 536 ,
1475 503 1551 541 quo
1572 490 1675 527 Deus
1704 489 1852 541 aliquos
1881 488 2042 527 destinat
2069 491 2116 527 ad
2147 501 2334 531 aeternum

1220 541 1457 593 supplicium
1476 572 1485 589 ,
1512 555 1588 580 nou
1618 543 1773 594 quidem
1802 540 2004 590 absolute,
2026 543 2097 580 sed
2126 555 2205 595 post
2234 560 2334 597 prae-

1218 594 1403 632 visionem
1435 605 1675 646 peccatorum.
1694 626 1703 644 ,
1736 595 1887 647 -quibus
1916 607 1959 633 ea
1994 609 2120 647 :poena
2149 598 2335 638 debetur.

1220 647 1334 685 Recte
1363 657 1562 700 propterea
1590 649 1682 686 dicit
1713 647 1939 700 Apostolus,
1969 648 2097 687 Deum
2114 650 2239 688 facere
2268 665 2335 689 raa

1219 714 1268 738 sa
1297 704 1391 748 iroe,
1422 710 1521 750 apta
1551 704 1590 737 in
1620 705 1820 739 interitum
1838 717 1852 746 ,-
1880 710 2065 754 quatenus
2095 703 2243 742 eosdem
2270 718 2338 755 ρο-

1220 758 1330 793 sitive
1360 754 1565 806 reprobat.
2073 756 2077 761 '

1279 807 1370 846 260.
1402 806 1531 845 Altera
1561 808 1675 844 etiam
1704 808 1898 847 cavillatio
1934 808 2050 847 facile
2077 809 2240 849 diluitur
2268 812 2336 851 oh-

1224 861 1408 901 ser-vando
1436 874 1525 898 cum
1542 861 1583 899 S.
1606 860 1756 899 Thema
1777 864 1816 900 in
1836 863 2080 911 Comment„
2111 863 2338 916 Apostolum

1223 929 1298 954 non
1326 923 1404 952 tam
1435 913 1625 952 laborasse
1655 915 1694 952 in
1738 915 1965 953 vindicanda
1994 916 2067 954 Dei
2096 915 2243 968 justitia
2272 918 2341 957 ab·

1226 969 1377 1015 solute,
1407 981 1471 1005 seu
1493 976 1681 1020 quantum
1709 968 1756 1004 ad
1786 968 2087 1019 reprobationem
2119 969 2342 1023 aliquorum

1226 1024 1268 1060 in
1288 1035 1447 1072 genere,
1477 1021 1538 1059 sed
1567 1020 1689 1057 solum
1722 1022 1759 1058 in
1780 1021 1999 1071 assignanda
2028 1025 2192 1071 ratione,
2221 1039 2341 1078 quare

1227 1088 1273 1113 ex
1304 1088 1407 1122 una,
1445 1075 1655 1126 eademque
1686 1088 1808 1111 massa
1838 1075 2013 1112 damnata
2044 1077 2102 1114 isti
2132 1077 2341 1116 liberentur

1230 1129 1353 1180 potius
1370 1158 1380 1176 ,
1410 1142 1527 1180 quam
1550 1127 1607 1164 illi
1626 1141 1635 1172 3
1666 1141 1785 1179 quare
1805 1140 1850 1166 ex
1871 1127 2016 1165 duobus
2037 1131 2219 1178 geminis,
2249 1145 2342 1169 cum

1227 1180 1406 1219 notulam
1426 1186 1515 1218 uati
1531 1180 1742 1232 fuissent,
1772 1190 1844 1218 aut
1863 1180 2013 1231 aliquid
2040 1180 2131 1219 boni
2144 1187 2343 1234 egissent,

1228 1243 1300 1272 aut
1330 1235 1450 1281 mali,
1480 1233 1604 1272 Jacob
1625 1233 1809 1272 dilexerit
1826 1265 1837 1283 ,
1867 1232 1983 1271 Esau
2004 1243 2141 1273 autern
2157 1236 2244 1274 ollio
2272 1237 2345 1276 lia*

1229 1287 1390 1326 buerit?
1418 1287 1538 1338 Cujus
1557 1288 1791 1327 discriminis
1820 1289 1916 1326 ratio
1936 1287 2045 1327 nulla
2073 1287 2151 1328 alia
2179 1298 2257 1339 est,
2288 1294 2346 1329 ni2

1229 1342 1260 1380 si
1290 1343 1422 1380 divina
1451 1341 1653 1387 voluntas;
1683 1344 1779 1380 sicut
1806 1340 1916 1380 nulla
1944 1340 2021 1379 alia
2050 1342 2147 1380 ratio
2175 1354 2256 1393 est,
2286 1346 2347 1383 ni<

1228 1397 1260 1433 si
1290 1395 1463 1432 voluntas
1493 1395 1605 1447 figuli
1623 1425 1633 1442 ,
1682 1404 1721 1433 ut
1750 1394 1922 1446 ejusdem
1952 1394 2066 1433 luteae
2096 1410 2231 1433 massas
2262 1396 2347 1436 haec

1229 1462 1318 1499 pars
1334 1449 1399 1485 fiat
1430 1461 1495 1484 vas
1524 1449 1563 1485 in
1580 1447 1763 1485 honorem
1780 1477 1791 1496 ,
1820 1448 1896 1486 aiia
1913 1461 1976 1485 vas
1993 1449 2030 1485 in
2046 1448 2321 1487 contumeliam
2333 1477 2346 1489 0

1288 1500 1378 1538 261.
1409 1499 1541 1551 Neque
1584 1501 1698 1538 etiam
1742 1513 1810 1537 nos
1838 1509 1987 1537 moveat
2035 1513 2107 1537 vox
2148 1501 2226 1538 odii
2253 1519 2275 1540 a
2305 1504 2349 1544 S,

1231 1551 1350 1592 Paulo
1378 1552 1550 1590 adhibita
1579 1553 1626 1590 ad
1646 1552 1938 1604 significandam
1956 1553 2275 1603 reprobationem
2295 1556 2349 1594 E-

1230 1621 1297 1645 sau
1316 1636 1326 1654 ‚
1356 1615 1560 1657 antequam
1589 1606 1802 1659 quidquam
1833 1605 1926 1644 mali
1956 1607 2112 1656 egisset3
2142 1608 2347 1660 interprete

1231 1661 1334 1697 enim
1364 1659 1404 1696 S.
1435 1660 1672 1710 Augustino,
1702 1659 1802 1697 Deus
1832 1659 1932 1697 Esau
1961 1660 2049 1696 odio
2078 1658 2242 1699 habebat
2263 1676 2350 1714 prm

1232 1722 1314 1763 pter
1345 1720 1544 1763 peccatum
1572 1713 1758 1762 originis.
1809 1711 1914 1762 Quid
1942 1711 2111 1761 oderat,
2153 1715 2278 1766 inquit
2306 1715 2350 1754 S.

1233 1764 1342 1801 Pater
1370 1764 1481 1815 epist.
1507 1763 1593 1815 194.
1612 1793 1621 1810 ‚
1652 1768 1694 1801 in.
1712 1763 1856 1811 Esau,
1886 1773 2107 1814 antequam
2135 1767 2352 1817 quidquam

1223 1816 1389 1869 jaceret
1421 1816 1542 1864 mali,
1572 1819 1649 1853 nisi
1676 1817 1873 1868 originale
1900 1815 2150 1867 peccatum?

1292 1868 1384 1908 262.
1414 1868 1489 1906 Ob.
1520 1869 1713 1909 secundo.
1741 1869 1854 1921 Saepe
1873 1882 1991 1907 sacras
2022 1869 2157 1908 litterae
2186 1870 2351 1924 loquum.

1236 1931 1296 1960 tur
1323 1923 1369 1959 de
1398 1924 1653 1961 excaecatione
1682 1924 1844 1971 mentis,
1875 1923 1909 1959 &
1929 1923 2177 1962 obduratione
2207 1927 2352 1976 cordis,

1236 1991 1313 2028 qua
1342 1976 1448 2014 Deus
1478 1985 1691 2027 peccatores
1721 1978 1854 2028 punit.
1912 1977 1954 2014 Id
1996 1977 2040 2015 de
2069 1977 2264 2018 Pharaone
2293 1981 2352 2018 di-

1237 2039 1341 2068 ctum
1374 2031 1591 2068 invenimus
1619 2029 1741 2068 Exodi
1772 2029 1889 2078 VIL,
1927 2028 1961 2065 ἃ
1989 2043 2095 2083 seq.;
2142 2032 2182 2069 id
2211 2033 2255 2070 de
2283 2034 2354 2071 Ju-

1238 2083 1333 2121 daeis
1362 2083 1470 2121 Isaice
1503 2082 1597 2130 VL,
1646 2083 1680 2118 8(
1709 2081 1879 2130 LXIII.,
1928 2083 1968 2120 id
1994 2084 2152 2123 demum
2193 2085 2240 2122 de
2268 2086 2356 2125 aliis

1241 2136 1349 2174 Joan.
1370 2135 1458 2174 ΧΠ.
1477 2165 1486 2182 ,
1532 2135 1614 2173 Act.
1662 2134 1760 2183 ult.,
1803 2136 1838 2173 8<
1868 2135 2030 2174 Roman.
2060 2137 2131 2175 IX.
2151 2167 2162 2186 ,
2206 2153 2251 2178 ac
2280 2139 2354 2180 Xl.

1241 2198 1280 2227 ut
1309 2188 1408 2227 nihil
1439 2189 1672 2240 frequentius
1700 2198 1896 2238 occurrat,
1925 2203 2044 2241 quam
2073 2191 2201 2229 Deum
2230 2206 2354 2231 excae-

1240 2256 1325 2280 care
1356 2242 1557 2279 hominum
1587 2250 1754 2289 mentes,
1783 2244 1966 2293 vertigine
1995 2252 2213 2293 percutere,
2241 2247 2354 2298 spiri-

1240 2304 1281 2335 tu
1309 2296 1452 2347 soporis
1479 2295 1669 2333 inebriare
1686 2325 1697 2343 ‚
1726 2296 1897 2333 incutere
1927 2297 2160 2346 amentia-m,
2189 2297 2355 2338 obdura-

1241 2363 1280 2387 re
1309 2349 1422 2387 corda
1439 2376 1449 2386 .

1301 2402 1391 2441 263.
1425 2401 1535 2454 Hesp.
1565 2415 1654 2439 cnm
1674 2400 1714 2439 S.
1737 2400 1889 2440 Thoma
1915 2415 1948 2439 1.
1972 2415 2008 2439 2.
2038 2416 2076 2455 q.
2095 2414 2163 2455 ¹79.
2193 2413 2264 2442 art.
2287 2403 2349 2456 5.,

1243 2459 1588 2503 excaecationem,
1635 2455 1684 2495 <J
1725 2454 2052 2503 obdurationem,
2094 2457 2170 2494 duo
2211 2461 2356 2509 impor-

1242 2519 1358 2558 tare,
1407 2522 1571 2559 quorum
1613 2521 1736 2545 unum
1778 2518 1837 2546 est
1866 2518 1992 2546 motus
2019 2513 2148 2547 animi
2190 2509 2358 2551 humani

1242 2562 1473 2601 irzlzoerentis
1515 2562 1651 2608 malo,
1698 2562 1748 2602 (θ’
1776 2566 1904 2599 aversi
1946 2576 1974 2600 a
2003 2562 2130 2601 (livino
2169 2564 2354 2611 lumine,-

1243 2617 1292 2657 ὠ
1326 2625 1521 2667 quantum
1563 2615 1618 2652 acl
1646 2613 1716 2652 lzoc
1746 2614 1856 2653 Deus
1896 2629 1979 2653 non
2016 2625 2074 2653 est
2115 2629 2243 2656 causa
2285 2633 2358 2657 ex-

1243 2673 1500 2716 caecationis,
1530 2668 1578 2708 ὠ·
1608 2667 1898 2717 obdurationis,
1935 2673 2036 2707 sicut
2063 2681 2145 2707 non
2174 2680 2233 2709 est
2260 2680 2358 2712 cau-

1245 2737 1294 2761 sa
1340 2726 1492 2774 peccati
1515 2736 1529 2765 ‚·
1573 2720 1687 2758 aliud
1722 2731 1862 2760 autem
1909 2732 1967 2774 est
2008 2721 2222 2762 subtractio
2261 2739 2358 2778 gra-

1245 2781 1313 2814 τίω
1334 2807 1345 2825 ‚
1393 2789 1445 2813 ex
1492 2787 1571 2825 qua
1617 2779 1790 2823 sequitur
1811 2806 1822 2823 ,
1869 2775 1972 2825 quod
2018 2790 2132 2815 mens
2178 2777 2360 2820 divinitus

1245 2844 1326 2867 non
1354 2829 1594 2866 illuminetur
1623 2828 1678 2865 ad
1706 2838 1810 2867 recte
1839 2828 2046 2867 videndum
2066 2860 2076 2877 ,
2118 2831 2168 2871 ἔθ’
2196 2843 2263 2868 cor
2291 2831 2358 2870 lio-

1241 2887 1367 2922 minis
1407 2895 1489 2920 non
1525 2881 1750 2921 emolliatur
1788 2882 1844 2921 ad.
1886 2892 1990 2922 recte
2032 2883 2261 2928 νὶνεηᾱυνῃς
2306 2886 2358 2927 <9-

2176 2947 2311 2988 quan—

1248 3075 1341 3105 tum.
1385 3069 1461 3103 Non
1488 3069 1569 3102 inde
1592 3070 1765 3112 processit
1789 3069 1941 3102 voluntas
1970 3065 2210 3111 interficiendi
2224 3086 2236 3106 ‚
2273 3070 2362 3103 uncle

1252 3118 1446 3155 moriemli3
1484 3128 1545 3149 nec
1569 3117 1612 3148 de
1638 3128 1700 3148 uno
1724 3117 1816 3147 exiit
1842 3117 1966 3157 spiritu
1994 3118 2162 3147 atrocitas
2190 3115 2357 3155 sceleris,

1253 3170 1293 3197 (9¹
1317 3165 1500 3196 tolerantia
1520 3161 1758 3204 Redemptoris
1774 3182 1783 3191 0
1809 3159 1936 3203 Impias
1952 3160 2146 3203 furentium
2164 3172 2278 3192 litantis
2296 3174 2359 3193 non

1250 3213 1393 3243 immisit
1419 3213 1455 3241 in
1482 3220 1518 3241 se
1544 3207 1710 3240 Dominus
1726 3228 1737 3247 ‚
1774 3209 1836 3240 sed
1860 3208 2032 3247 culinis-it,
2058 3220 2126 3240 vnec:
2149 3208 2358 3248 pra-sciendo

1249 3257 1335 3300 quod
1350 3254 1554 3298 faciendum.
1571 3262 1688 3293 esset,
1726 3257 1840 3297 coegit
1868 3261 1902 3286 ιιε
1917 3252 2054 3296 fieret,
2090 3266 2162 3289 eum
2187 3261 2295 3287 tamen
2312 3252 2358 3285 ad

1249 3303 1312 3339 hec
1338 3313 1472 3335 curnem
1499 3304 1734 3344 suscepisset,
1761 3308 1795 3333 ut
1811 3298 1947 3344 fieret.

1715 3358 1763 3398 27
