2577 3633
278 172 366 216 1‘30

215 253 414 297 vatianum
431 244 670 297 Episcopum
685 241 731 281 de
761 255 827 281 sua
843 241 918 280 fide
939 241 1192 289 examinavit,
1223 255 1328 279 eum-

219 318 293 356 que
322 302 369 340 ad
398 298 584 338 Ecclesiae
615 298 744 336 sinum
774 309 952 335 revocare
981 296 1155 332 curavit.
1186 294 1330 342 Quarto

219 353 395 408 epistolas
436 353 483 391 ad
513 351 813 391 Alexandrinam
841 348 1083 396 Ecclesiam,
1128 357 1240 400 atque
1282 350 1329 387 ad

215 411 441 447 universum
471 405 574 445 orbis
603 405 791 458 populum
818 403 1058 450 transmisit,
1087 402 1267 440 omnibus
1286 417 1330 440 ea

216 472 305 501 nota
333 462 502 509 faciens,
544 473 632 512 quae
663 460 701 496 in
730 456 903 496 Concilio
940 464 1067 507 gesta,
1115 455 1149 491 &
1175 456 1331 494 definita

220 518 398 554 fuerant.
446 515 595 562 Quinto
623 512 672 550 ab
701 511 794 549 Ario
822 523 901 547 suae
945 509 1190 547 confessionis
1219 509 1332 549 libel·

220 570 305 608 lum
335 571 510 621 accepit.
553 567 666 606 Sexto
696 567 711 615 (
741 564 844 601 addit
875 562 1077 601 Richerius
1107 563 1121 611 )
1151 564 1331 601 Constan-

219 626 323 663 tinus
351 631 508 661 vocatur
549 621 597 658 ab
628 617 795 658 Eusebio
824 615 942 654 veluti
984 621 1207 655 communis
1236 616 1333 665 Epi·

217 690 386 728 vscopus,
415 676 482 727 qui
502 704 512 722 ,
544 683 582 711 ut
610 685 744 725 pacem
774 668 958 709 Ecclesiis
987 672 1182 720 redderet,
1212 685 1254 708 ac
1276 671 1331 708 di-

220 726 427 783 sciplinam
457 727 751 766 ecclesiasticam
781 725 969 773 sanciret,
1008 724 1214 777 Episcopos
1244 739 1332 762 con-

220 785 400 830 vocavit,
450 781 482 816 8(
512 782 551 818 in
581 792 714 818 eorum
744 791 918 816 consessu
947 779 1166 816 sententiam
1210 779 1332 824 dixit3

223 847 308 875 tum
338 834 618 888 confirmans,
661 833 711 873 ἴθ’
739 834 954 881 sanciens,
996 845 1084 883 quoe
1113 845 1140 869 a
1169 830 1333 884 Synoclo

220 890 382 929 decreta
413 890 589 936 fuerant,
617 886 772 939 aliaque
802 894 1011 938 praestans,
1054 899 1143 937 quae
1183 884 1332 922 nonnisi

220 959 244 983 a
272 943 438 983 Concilii
469 941 629 995 praeside
658 940 744 978 fieri
773 939 956 986 decebat;
986 948 1025 977 ut
1054 940 1182 977 videre
1212 948 1263 976 est
1291 953 1333 976 a-

223 998 304 1052 pud
333 996 546 1036 Eusebium
568 993 657 1035 Lib.
677 995 744 1032 III.
775 993 822 1032 de
851 997 931 1031 vita
954 992 1225 1031 Constantini.
1256 992 1334 1032 De-

221 1065 331 1090 mum
373 1049 445 1088 hoc
475 1059 593 1088 totum
637 1047 887 1086 confirmatur
916 1061 959 1085 ex
989 1048 1171 1085 Gratiano
1200 1047 1248 1084 ΙΙ.
1292 1044 1334 1084 P.

226 1104 392 1143 Decreti
421 1105 545 1142 Causa
574 1101 645 1141 XI.
674 1110 809 1153 quaest.
846 1114 878 1138 π.
921 1115 1006 1153 cap.
1039 1100 1103 1148 5.,
1153 1100 1184 1136 ἃ
1214 1100 1336 1137 Causa

224 1158 314 1197 XII.
345 1173 384 1211 q.
412 1172 444 1196 1.
474 1172 561 1210 cap.
587 1157 674 1204 15.,
705 1155 772 1193 ubi
800 1155 887 1192 duae
909 1154 1008 1207 leges
1037 1154 1264 1202 afferuntur,
1295 1155 1335 1191 in

221 1213 366 1265 quibus
384 1212 525 1249 dicitur
540 1222 549 1247 :
583 1209 866 1247 Constantinus
881 1207 1104 1259 Imperator
1118 1207 1335 1259 praesidens

223 1271 264 1304 ὶη
295 1275 442 1303 sancta
471 1261 647 1302 Nicoena
676 1260 865 1315 Synodo.

280 1320 345 1365 45.
378 1318 492 1370 Resp-
523 1319 648 1369 primo
676 1316 806 1367 negari
837 1314 938 1352 haud
968 1328 1094 1366 posse,
1124 1315 1338 1353 Constanti-

229 1387 322 1411 num
340 1403 350 1421 ,
379 1372 585 1423 plusquam
616 1370 768 1406 fortasse
788 1367 1061 1419 Imperatorem
1090 1368 1271 1416 decebat,
1300 1383 1339 1406 se

225 1427 339 1464 rebus
369 1423 631 1462 ecclesiasticis
648 1422 925 1467 innniscuisse3
955 1430 1067 1472 atque
1088 1422 1125 1458 in
1150 1421 1219 1458 boc
1239 1421 1339 1458 mul-

225 1489 262 1517 to
291 1477 585 1516 laudabiliorem
615 1490 654 1514 se
683 1474 895 1527 praebuisse
923 1473 1241 1512 Valentinianum
1284 1489 1340 1511 se-

225 1533 374 1571 niorem
393 1562 403 1579 ,
432 1532 499 1583 qui
529 1528 726 1568 catholicis
755 1528 956 1581 Episcopis
985 1528 1202 1576 orantibus,
1233 1537 1272 1565 ut
1293 1529 1342 1565 si-

227 1585 270 1625 bi
299 1584 549 1625 conveniendi
579 1584 620 1621 in
652 1597 769 1620 unum
788 1613 798 1631 ,
829 1582 876 1619 ad
905 1582 1182 1620 decernendam
1202 1583 1342 1620 doctri-

228 1655 321 1678 nam
351 1639 440 1677 fidei
473 1647 630 1689 potestas
658 1636 794 1685 fieret,
823 1635 985 1687 benigne
1005 1650 1173 1674 annuens
1203 1636 1255 1673 ita
1284 1649 1341 1673 re-

228 1694 405 1747 spondit:
447 1691 550 1731 Mihi
579 1690 736 1744 quidem
765 1694 806 1727 in
836 1688 1054 1727 Laicorum
1082 1689 1220 1728 ordine
1249 1702 1342 1727 con-

230 1752 364 1786 stituto
382 1746 462 1799 fas
491 1759 570 1784 non
599 1754 678 1792 est,
708 1743 934 1796 hujusmodi
962 1748 1124 1796 negotia
1153 1747 1342 1781 curiosius

231 1805 432 1839 scrutari.
481 1799 715 1837 Sacerdotes
743 1810 833 1835 vero
851 1827 861 1844 ‚
891 1796 1024 1848 quibus
1055 1796 1093 1834 iil
1121 1809 1230 1834 curce
1260 1806 1344 1845 est,

233 1852 400 1892 seorsim
429 1852 661 1903 ubicumque
690 1851 905 1896 voluerint,
936 1854 1174 1888 conveniant
1206 1851 1345 1901 (apud

233 1909 486 1947 Sozomenurn
517 1905 606 1943 Lib.
636 1903 705 1941 VI.
737 1902 842 1941 Hist.
873 1900 986 1940 Eccl.
1017 1915 1050 1940 c.
1083 1917 1120 1953 7.
1151 1903 1165 1950 )
1203 1903 1276 1940 Sed
1307 1904 1345 1941 id

237 1962 374 2015 primis
405 1959 481 1997 illis
510 1956 746 2010 temporibus
773 1955 941 1994 dandum
972 1965 1049 2004 est,
1079 1957 1119 1995 in
1140 1955 1280 2008 quibus
1302 1969 1347 1993 ex

233 2015 401 2068 quadam
433 2013 645 2050 oeconomia
662 2037 693 2057 ,-
721 2009 919 2046 Ecclesiae
947 2012 1108 2061 negotia
1137 2023 1190 2046 ex
1218 2008 1349 2060 Impe-

237 2077 418 2106 ratorum
446 2074 541 2102 nutu
569 2063 739 2113 pendere
769 2061 1025 2114 videbantur,
1057 2071 1097 2099 ut
1127 2063 1253 2113 inquit
1280 2063 1349 2101 So-

237 2130 357 2160 crates
386 2120 426 2157 in
456 2118 648 2170 prooemio
677 2115 788 2154 Libri
818 2112 871 2153 V.
897 2112 1004 2152 Hist.
1025 2112 1140 2152 Eccl.
1170 2115 1349 2153 Ceterum

233 2183 317 2212 utut
347 2174 500 2210 fortasse
519 2171 787 2210 Constantinus
815 2168 938 2206 nimio
968 2168 1162 2220 religionis
1182 2168 1261 2205 zelo
1281 2169 1348 2206 ab·

233 2237 363 2280 reptus
392 2224 540 2263 laicalis
561 2224 748 2277 potestatis
768 2222 939 2260 confinia
955 2235 1228 2274 nonnunquam
1251 2235 1350 2275 prae-

234 2291 437 2333 tergressus
466 2281 538 2328 sit,
567 2292 641 2317 non
670 2287 799 2316 tamen
826 2291 864 2315 se
882 2275 1049 2315 Concilii
1077 2276 1228 2314 Nicaeni
1249 2289 1350 2329 prae-

237 2336 357 2374 sidem
388 2334 502 2372 feeit.

290 2389 357 2436 46.
390 2390 441 2426 Ac
485 2384 610 2439 primo
652 2384 809 2438 quidem
837 2383 1094 2423 Constantinus
1126 2384 1205 2436 ipse
1235 2380 1350 2422 falsus

236 2452 322 2491 est,
363 2441 437 2480 sibi
467 2442 627 2479 minime
655 2441 785 2478 datum
815 2439 931 2477 fuisse
959 2438 1008 2476 da
1043 2439 1165 2476 causis
1194 2437 1352 2490 Episco-

237 2511 376 2550 porum
405 2495 605 2542 iudicare3
634 2493 886 2546 quamobrem
918 2490 1069 2529 Ruffino
1099 2499 1188 2529 teste
1210 2491 1299 2529 Lib.
1320 2492 1351 2529 Ι.

241 2550 349 2588 Hist.
378 2548 494 2587 Eccl.
524 2563 610 2601 cap.
633 2561 670 2585 2.
700 2561 831 2585 omnes
869 2559 1001 2583 eorum
1031 2544 1181 2583 libellos
1212 2544 1287 2582 sibi
1316 2557 1355 2580 o-

240 2604 362 2643 blatos
382 2603 558 2641 comburi
587 2600 723 2653 jussit,
752 2601 905 2639 dicens:
934 2598 1045 2637 Deus
1074 2602 1272 2636 constituit
1293 2611 1357 2635 vos

245 2657 508 2704 Sacerdotes,
552 2656 602 2696 (θ’
630 2663 866 2707 potestatem
908 2652 1010 2692 robis
1038 2650 1144 2690 dedit
1173 2652 1221 2690 de
1249 2651 1358 2689 nobis

246 2724 397 2763 quoque
420 2709 624 2759 judicandi
639 2723 654 2754 ;
683 2710 731 2750 (9
749 2708 834 2746 ideo
849 2721 922 2745 nos
942 2721 968 2744 a
989 2704 1089 2745 robis
1099 2704 1331 2759 judicamur
1348 2734 1360 2755 ,

246 2778 311 2804 Vos
341 2759 475 2802 autem
503 2777 583 2801 non
612 2766 770 2811 potestis
799 2760 849 2800 ab
879 2759 1097 2814 horninibus
1119 2759 1320 2813 judicari.

299 2818 366 2870 47.
397 2818 457 2856 Ad
485 2817 694 2855 secundum
723 2816 836 2865 dico,
864 2816 1154 2853 Constantinum
1184 2815 1296 2852 fuisse
1312 2812 1365 2851 E-

246 2873 418 2925 piscopos
466 2870 675 2909 allocutum
705 2883 781 2908 non
811 2870 983 2922 praesidis
1012 2870 1257 2917 auctoritate,
1300 2867 1364 2905 sed

248 2926 460 2964 reverentia
488 2924 590 2970 filii3
628 2937 746 2977 quare
776 2925 889 2961 etiam
918 2923 1171 2961 referentibus
1200 2920 1365 2961 Eusebio

252 2983 269 3031 (
290 2978 377 3017 Lib.
393 2979 460 3016 ΙΙΙ.
490 2977 538 3016 de
553 2981 633 3016 vita
652 2977 904 3015 Constantini
918 2991 1004 3029 cap.
1027 2990 1087 3015 10.
1109 2976 1123 3026 )
1142 3005 1153 3026 ,
1183 2975 1215 3013 St
1238 2974 1363 3013 Theo-

251 3033 376 3070 doreto
407 3035 422 3084 (
443 3032 532 3070 Lib.
553 3033 584 3070 I.
614 3030 721 3069 Hist.
738 3030 851 3071 Eccl.
882 3031 999 3082 capit.
1023 3044 1058 3082 7.
1091 3030 1134 3079 ),
1162 3043 1238 3068 non
1258 3030 1365 3082 prius

252 3087 415 3132 resedit,
445 3099 561 3137 quam
592 3084 662 3124 hoc
691 3085 767 3123 sibi
795 3086 962 3137 permitti
991 3084 1040 3122 ab
1070 3084 1271 3136 Episcopis
1299 3095 1365 3134 po-

255 3137 442 3175 stulasset.
484 3140 619 3191 Neque
649 3152 784 3177 verum
813 3147 891 3187 est,
934 3150 1108 3176 normam
1138 3151 1265 3175 rerum
1295 3145 1370 3174 tra-

257 3191 478 3229 ctandarum
508 3193 622 3230 fuisse
651 3193 701 3232 ab
716 3193 946 3244 Imperatore
974 3193 1237 3244 praescriptam
1256 3216 1265 3228 .
1295 3189 1370 3229 Sed

257 3243 327 3282 ille
356 3246 611 3282 tantummodo
639 3259 768 3284 omnes
796 3245 981 3284 Ecclesiae
1011 3245 1197 3284 Praesules
1225 3245 1272 3283 ad
1301 3258 1369 3296 pa-

257 3312 364 3345 cem,
406 3296 441 3333 &
470 3299 707 3337 concordiam
743 3299 932 3352 majorem
972 3300 1014 3339 in
1043 3299 1203 3340 modum
1239 3296 1371 3337 cohor-

257 3360 353 3391 tatus
382 3359 459 3389 est.

442 3428 449 3449 l

975 157 1375 205 DISSERTATIO
1407 157 1489 204 IV.

1541 157 1670 202 CAP.
1702 156 1762 201 ΙΪ.

1450 239 1515 286 48.
1549 240 1604 277 Ad
1633 238 1785 276 tertium
1803 263 1814 275 .
1843 235 2002 275 Falsum
2022 237 2164 289 pariter
2183 246 2237 278 est
2253 269 2263 288 ,
2292 238 2394 292 quod
2415 238 2513 279 Hor«³

1396 295 1483 332 nius
1520 294 1673 339 asserit,
1712 291 1827 328 fuisse
1856 305 1879 328 a
1906 291 2152 329 Constantino
2181 294 2359 331 Acesium
2390 294 2516 333 Nova-

1397 349 1544 385 tianum
1574 344 1731 399 publice
1760 344 1806 381 de
1835 358 1904 382 sua
1931 343 2008 381 fide
2037 347 2293 385 examinatum
2313 377 2324 396 ,
2352 348 2446 396 sed,
2475 356 2517 386 ut

1396 400 1566 439 Socrates
1596 400 1710 437 refert
1740 400 1756 449 (
1790 397 1908 435 Libro
1928 396 1957 434 I.
1987 394 2094 435 Htst.
2129 397 2243 437 Eccl.
2269 415 2353 453 cap.
2381 415 2441 440 10.
2471 401 2512 452 )‚

1398 455 1580 505 privatim
1611 455 1737 505 ipsum
1769 460 1821 489 est
1840 450 2023 488 allocutus
2042 481 2052 498 ,
2083 461 2164 503 post
2185 453 2402 504 evulgatum
2433 455 2516 507 jam

1397 507 1604 545 Nicaenum
1635 505 1865 559 Symbolum
1883 534 1895 553 ,
1935 518 2101 557 eumque
2130 506 2178 543 ad
2205 509 2515 548 communionem

1400 574 1489 599 cum
1508 558 1715 598 Catholicis
1736 559 1946 597 ineundam
1975 560 2238 611 maximopere
2259 567 2312 597 est
2342 559 2513 601 exhorta-

1400 623 1484 652 tus.
1515 614 1629 661 Quod
1658 611 1725 651 ille
1755 621 1953 660 renueret,
1983 621 2156 651 causatus
2184 614 2225 651 in
2255 612 2431 651 Ecclesia
2461 629 2517 654 es·

1399 681 1437 704 se
1481 675 1725 719 peccatores,
1769 675 1948 718 peracute
1991 666 2260 705 Constantinus
2303 668 2518 720 respondit:

1401 720 1523 758 Sume
1551 720 1616 757 tibi
1658 720 1817 758 scalam
1834 751 1844 770 ,
1888 720 2053 769 Amen,
2096 721 2144 762 ἔθ’
2173 721 2278 759 solus
2306 724 2349 758 in
2377 722 2521 760 coelum

1401 774 1577 812 ascende
1594 800 1604 811 .

1456 829 1522 881 49.
1552 829 1651 876 Quae
1682 837 1843 881 quarm,
1887 828 1921 865 &
1951 828 2088 880 quinto
2115 827 2200 866 loco
2227 827 2378 880 objecta
2407 838 2522 879 sunt,

1401 881 1526 921 solum
1556 883 1811 921 demonstrant
1831 881 2003 920 sedulam
2023 883 2261 920 Constantini
2292 896 2423 921 curam
2442 913 2453 931 ,
2482 893 2524 922 ut

1403 937 1616 974 executioni
1648 951 1692 974 ea
1720 937 2021 985 mandarentur,
2056 950 2148 988 quae
2180 937 2328 974 fuerant
2357 938 2395 974 in
2425 937 2524 975 Con-

1402 989 1494 1029 cilio
1523 991 1666 1029 sancita
1682 1016 1693 1028 .
1724 991 1855 1038 Quare
1875 989 1909 1026 ἃ
1930 991 2071 1042 impios
2093 991 2176 1028 Arii
2206 989 2325 1028 libros
2355 989 2526 1029 flammis

1403 1043 1566 1093 addixit,
1609 1044 1642 1081 8<
1671 1053 1935 1082 contumacem
1979 1042 2274 1082 haeresiarcham
2319 1057 2396 1082 una
2433 1056 2525 1083 cum

1403 1099 1536 1151 paucis
1566 1099 1638 1150 ipsi
1669 1097 1949 1136 adhaerentibus
1979 1097 2181 1150 Episcopis
2211 1096 2329 1137 exilio
2358 1098 2524 1137 mulcta-

1405 1153 1481 1199 vit,
1511 1165 1555 1188 ac
1583 1152 1742 1188 demum
1771 1152 1950 1190 omnibus
1978 1152 2135 1202 negotiis
2165 1153 2346 1190 confectis
2367 1152 2525 1204 Episco-

1403 1218 1470 1258 pos
1512 1218 1602 1242 cum
1645 1205 1869 1243 muneribus
1911 1206 1956 1243 ad
2000 1219 2084 1242 suas
2113 1203 2306 1243 Ecclesias
2348 1207 2526 1244 dimisit.

1404 1258 1517 1306 Quod
1547 1259 1577 1295 si
1607 1257 1723 1296 Arius
1751 1259 2028 1296 confessionem
2060 1272 2168 1295 suain
2183 1259 2427 1296 Constantino
2455 1259 2528 1298 ob·

1406 1312 1521 1360 tulit,
1564 1311 1604 1349 id
1635 1312 1752 1359 fecit,
1797 1311 1968 1363 ejusdem
1999 1312 2253 1361 patrocinium
2283 1312 2493 1362 implorans
2514 1342 2525 1362 ‚

1406 1380 1483 1404 non
1524 1364 1742 1416 judicium;
1785 1364 1964 1417 quamvis
1993 1378 2078 1401 eam
2108 1377 2182 1401 non
2212 1372 2290 1400 tam
2317 1366 2527 1404 Constanti-

1407 1433 1482 1467 no,
1518 1432 1635 1471 quam
1667 1419 1730 1456 toti
1759 1418 1932 1456 Concilio
1960 1415 2129 1455 oblatam
2159 1430 2181 1454 a
2209 1416 2406 1455 nonnullis
2434 1417 2529 1469 Epi-

1408 1473 1531 1524 scopis
1575 1471 1669 1509 Ario
1708 1471 2060 1524 patrocinantibus,
2105 1480 2233 1523 aperte
2271 1470 2530 1510 Theodoretus

1411 1526 1537 1564 innuit
1567 1525 1686 1563 Libro
1714 1525 1743 1563 1.
1773 1525 1926 1564 Histor.
1955 1523 2118 1570 Eccles.
2147 1539 2233 1577 cap.
2258 1538 2294 1575 7.

1468 1580 1531 1617 50.
1562 1577 1620 1617 Ad
1649 1589 1795 1617 sextum
1827 1594 1950 1632 resp.,
1979 1579 2090 1632 longe
2120 1577 2241 1617 alium
2273 1592 2350 1616 esse
2380 1592 2530 1617 sensum

1411 1633 1618 1671 verborum
1648 1633 1806 1672 Eusebii
1836 1633 1885 1671 ab
1916 1646 1985 1682 eo,
2029 1648 2145 1684 quem
2188 1632 2248 1670 illi
2291 1632 2436 1684 affingit
2466 1630 2532 1669 Ri-

1409 1686 1588 1724 cherius.
1631 1687 1780 1740 Nempe
1809 1687 2000 1726 Eusebius
2028 1687 2316 1725 Constantinum
2363 1684 2533 1739 appellat

1409 1739 1652 1791 Episcopum
1681 1754 1940 1780 communem
1957 1772 1967 1789 ,
2011 1755 2054 1778 eo
2081 1755 2191 1779 sensu
2208 1770 2219 1789 ,
2256 1753 2334 1792 quo
2362 1739 2532 1792 Impera-

1412 1803 1469 1831 tor
1498 1795 1578 1845 ipse
1620 1794 1789 1847 quuitur
1819 1797 1857 1832 in
1899 1795 2059 1847 epistola
2087 1796 2135 1832 ad
2165 1794 2354 1832 Ecclesias
2385 1797 2400 1844 (
2430 1793 2534 1845 apud

1413 1847 1627 1885 Eusebium
1657 1847 1747 1886 Lib.
1768 1848 1835 1885 ΙΙΙ.
1865 1847 1914 1885 de
1941 1851 2022 1885 vita
2055 1845 2265 1885 Constant.
2308 1861 2394 1897 cap.
2421 1860 2482 1898 17.
2513 1846 2530 1894 )

1413 1900 1612 1951 inquiens:
1655 1899 1730 1938 Me
1766 1912 1943 1952 quoque,
1985 1910 2182 1953 tanquam
2226 1914 2304 1938 uno
2333 1913 2387 1939 ex
2433 1898 2534 1939 vobis

1415 1962 1613 2004 praesente
1635 1983 1645 2001 ,
1675 1967 1801 2006 neque
1830 1959 1940 1992 enim
1969 1958 2201 2007 negaverim
2231 1952 2271 1992 td
2287 1984 2298 2002 ,
2341 1967 2415 2006 quo
2445 1965 2536 1991 ma-

1416 2010 1528 2044 xime
1556 2007 1690 2045 exulto
1707 2038 1718 2057 ,
1748 2020 1979 2046 conservum
2011 2022 2075 2047 me
2103 2017 2274 2047 vestrum
2295 2021 2408 2046 esse·
2439 2006 2537 2045 Sen—

1416 2062 1572 2099 tentiam
1601 2069 1728 2099 autem
1758 2061 1875 2111 dixit,
1905 2075 1981 2101 non
2012 2072 2051 2100 ut
2080 2062 2224 2113 judex,
2254 2062 2318 2099 sed
2348 2071 2536 2113 tanquam

1418 2113 1588 2152 arbiter.
1632 2113 1887 2154 Sententiam
1917 2128 2092 2167 quoque,
2131 2116 2259 2168 inquit
2288 2114 2385 2154 ibid.
2413 2114 2535 2153 Euse-

1416 2166 1505 2204 bius
1534 2181 1621 2218 cap.
1644 2168 1708 2206 25.
1726 2197 1737 2215 ‚
1781 2182 1904 2217 quam
1947 2168 2094 2206 arbiter
2122 2167 2283 2206 dixerat
2304 2197 2314 2214 ‚
2359 2181 2428 2219 per
2457 2172 2537 2219 epi-

1417 2221 1565 2257 stolam
1582 2219 1821 2273 significavit
1842 2221 2026 2273 AEgyptiis
2042 2251 2053 2269 ,
2083 2233 2249 2274 quorum
2269 2221 2474 2259 discordias
2495 2230 2538 2259 ut:

1419 2273 1562 2312 arbiter
1591 2283 1878 2327 composuerat.
1908 2275 1950 2313 Si
1981 2284 2106 2313 autem
2138 2288 2273 2314 verum
2303 2283 2382 2323 est,
2413 2273 2539 2326 sigillo

1418 2340 1485 2365 suo
1532 2327 1778 2366 confirmasse
1808 2337 1891 2368 acta
1917 2328 2081 2367 Concilii
2102 2359 2114 2378 ,
2156 2330 2196 2368 id
2225 2327 2387 2380 intelligi
2429 2328 2542 2367 debet

1419 2382 1464 2420 de
1494 2395 1614 2431 cura,
1644 2395 1761 2434 quam
1794 2396 1862 2436 pro
1891 2396 2022 2421 eorum
2040 2413 2051 2431 ,
2080 2396 2169 2435 quae
2190 2383 2340 2421 decreta
2369 2382 2541 2430 fuerant,

1424 2437 1642 2474 executione
1671 2438 1857 2488 suscepit3
1885 2450 1960 2476 non
1989 2438 2099 2490 quasi
2129 2437 2263 2476 iisdem
2292 2435 2449 2474 decretis
2478 2449 2543 2474 ne·

1423 2491 1594 2528 cessariae
1638 2491 1868 2541 auctoritatis
1897 2490 2044 2543 pondus
2085 2490 2298 2530 addiderit.
2350 2489 2542 2541 Quando·

1423 2556 1525 2582 nam
1547 2574 1557 2593 ,
1601 2553 1704 2586 recte
1730 2542 1858 2596 ajebat
1885 2545 1926 2584 S.
1958 2544 2185 2584 Athanasius
2213 2546 2253 2583 in
2284 2543 2391 2583 Hist.
2420 2544 2541 2582 Aria-

1425 2609 1569 2635 norum
1599 2597 1653 2635 ad
1673 2597 1902 2637 Monaclzos
1930 2613 1970 2637 n.
1994 2598 2080 2648 52.,
2111 2598 2311 2637 Ecclesiae
2340 2597 2544 2637 decretum

1425 2651 1477 2689 ab
1506 2651 1752 2703 Imperatore
1781 2657 1935 2704 accepit
1965 2656 2249 2691 auctoritatem
2270 2651 2295 2689 ?

1484 2706 1548 2744 51.
1576 2706 1678 2754 Quae
1707 2715 1897 2759 postremo
1937 2705 2023 2745 loco
2051 2721 2097 2745 ex
2127 2707 2314 2746 Gratiano
2343 2705 2543 2745 Richerius

1430 2758 1563 2808 affert,
1592 2772 1730 2812 parum
1760 2774 1827 2800 nos
1855 2769 2035 2801 movent.
2065 2760 2108 2799 Si
2137 2762 2239 2799 enim
2270 2773 2324 2799 eae
2353 2759 2452 2809 leges
2480 2771 2545 2808 ge-

1429 2814 1558 2851 uuiuae
1587 2822 1698 2863 sunt,
1741 2813 1906 2866 intelligi
1948 2814 2085 2853 debent
2127 2828 2200 2854 non
2228 2814 2274 2852 de
2302 2811 2547 2864 praesideutia

1431 2867 1586 2917 proprie
1613 2876 1793 2921 sumpta,
1823 2869 1886 2907 sed
1916 2870 1954 2908 in
1984 2867 2062 2907 lato
2090 2882 2199 2907 sensu
2217 2892 2227 2904 .
2257 2866 2373 2904 Dixi:
2405 2863 2448 2902 Si
2475 2878 2543 2917 ge-

1432 2922 1569 2957 nuinoe
1597 2931 1719 2967 sunt;
1749 2937 1837 2961 nam
1866 2922 2032 2961 secunda
2061 2922 2122 2960 Iex
2137 2921 2276 2958 dicitur
2304 2918 2381 2956 lata
2399 2934 2422 2956 a
2442 2918 2544 2957 Mel-

1433 2971 1568 3011 chiade
1588 2971 1718 3027 Papa,
1748 2978 1816 3029 qui
1832 2977 2009 3015 undecim
2038 2974 2118 3026 jam
2147 2973 2257 3011 annis
2276 2972 2449 3022 obierat,
2478 2986 2544 3011 an-

1431 3034 1583 3079 tequam
1614 3029 1777 3068 Nicaena
1804 3029 1980 3082 Synodus
2009 3026 2289 3065 celebraretur.

1489 3080 1553 3118 52.
1585 3083 1795 3135 Antequam
1825 3084 1942 3122 finem
1985 3079 2074 3118 huic
2117 3081 2230 3132 capiti
2273 3081 2545 3132 imponamus,

1439 3132 1623 3172 nonnulla
1649 3136 1889 3174 observanda
1917 3143 1999 3172 sunt
2015 3160 2026 3172 .
2057 3132 2184 3172 Primo
2202 3131 2398 3174 Chartam
2413 3133 2547 3172 Nilia-

1437 3200 1559 3234 cam,
1588 3202 1675 3240 quae
1706 3189 1797 3228 Nilo
1824 3189 2014 3240 Episcopo
2044 3184 2247 3226 Rhodiensi
2276 3188 2482 3235 tribuitur,
2512 3186 2547 3223 δε

1437 3240 1476 3279 in
1503 3251 1581 3292 qua
1608 3255 1737 3281 omnes
1765 3241 1993 3280 Patriarchae
2015 3241 2225 3280 Orientales
2252 3243 2432 3295 praesides
2450 3241 2548 3278 Con·

1436 3292 1519 3332 cilii
1549 3293 1663 3333 fuisse
1691 3296 1896 3344 dicuntur,
1942 3297 2086 3348 exiguae
2117 3310 2195 3335 esse
2223 3296 2477 3339 auctoritatis;
2507 3295 2549 3333 in

1440 3362 1484 3387 ea
1512 3348 1614 3387 euim
1642 3350 1738 3389 inter
1766 3349 1892 3388 Patres
1919 3350 2083 3390 Concilii
2111 3350 2262 3390 Nicaeni
2290 3347 2467 3391 nonnulli
2495 3346 2548 3385 E-

2433 3402 2494 3453 Pi-
