2577 3633
286 135 343 174 18

225 208 299 246 lius
330 206 438 257 Regis
467 201 688 242 auctoritate
708 201 787 241 vim
803 200 972 240 obtinere
989 225 999 237 .
1029 199 1111 238 Non
1133 199 1183 236 ita
1202 207 1331 236 autem

223 263 262 298 in
292 258 550 297 Sanctissimae
581 257 778 294 Trinitatis
809 254 1070 292 invocatione.

280 311 368 349 103.
399 309 542 349 Dices:
573 309 613 346 Iu
635 309 740 347 laud.
769 307 909 346 Matth-
940 314 1041 343 textu
1070 304 1223 342 nomine
1243 303 1330 356 Spi-

221 365 314 402 ritus
343 364 472 402 Sancti
502 362 662 414 intelligi
692 361 803 399 debet
831 372 904 396 non
934 371 1122 409 persona,
1162 357 1225 395 sed
1255 356 1329 395 Dei

220 417 390 464 donum,
435 428 500 454 seu
527 418 651 468 gratia
691 413 957 457 sanctificans;
1004 410 1328 463 quemadmodum

221 484 310 508 cum
341 468 467 507 Marci
496 470 527 506 1.
557 468 596 506 8.
626 468 683 505 JO.
715 467 879 517 Baptista
906 464 1024 501 dixit:
1052 477 1126 515 ego
1151 462 1327 513 baptiza.-

218 526 255 559 οὶ
281 536 346 560 vos
376 536 483 573 aqua
501 552 511 569 ‚
541 521 603 559 ille
632 532 719 557 Vero
748 513 957 566 baptizabit
985 530 1050 554 vos
1070 517 1214 566 Spiritu
1233 529 1327 553 san-

220 585 313 621 εἰσ,-
354 585 419 613 aut
449 588 535 613 cum
566 575 698 610 Actor.
729 572 758 608 I.
778 567 827 609 Ὺ).
865 570 1032 608 dicitur:
1083 568 1161 607 Vos
1189 578 1327 606 autem

220 628 478 680 baptizamini
507 625 652 675 Spiritu
681 633 823 662 sancto
840 652 850 671 ,
880 623 918 660 id
940 622 1161 674 inteiligitur
1179 623 1226 659 de
1244 636 1328 673 gra-

219 684 272 720 tia
298 680 583 724 sanctificante3
626 692 715 715 nam
746 679 782 714 in
812 688 972 727 persona
1009 689 1120 714 nemo
1159 675 1327 726 baptiza—

218 744 306 772 tur.
337 734 468 784 Neque
498 745 587 770 vero
616 732 653 768 in
683 731 799 768 sacris
827 728 1152 781 litterisexempla
1168 729 1324 775 desunt,

219 798 259 825 ut
284 800 378 824 cum
407 798 562 837 persona
593 784 725 822 divina
760 783 876 821 etiam
906 780 980 820 Dei
1009 783 1126 821 virtus
1163 779 1325 831 conjun-

215 849 353 891 gatur.
404 839 492 875 Act.
517 836 616 880 XX.
648 837 713 875 32.
755 834 998 874 Commendo
1025 849 1091 873 vos
1120 833 1234 881 Deo,
1276 833 1325 872 <9²

216 891 329 930 verbo
357 895 500 944 gratioe
529 891 616 943 ejus
637 916 648 928 .
697 889 743 928 Et
771 887 874 940 Eph.
907 887 975 927 VI.
1010 903 1070 927 10.
1116 885 1326 938 Conforta—

219 950 319 983 mini
342 950 387 983 in
417 944 621 993 Domino,
661 944 711 984 ἐν
741 947 782 981 ἰη
808 946 986 994 potentia
1027 944 1175 981 virtutis
1212 940 1297 992 ejus
1312 952 1326 976 .-

214 1012 304 1050 ergo
335 998 404 1037 ἃς.

279 1052 364 1090 106.
396 1051 506 1103 Hesp.
536 1051 620 1089 Non
650 1048 826 1103 equidem
855 1048 1038 1097 inficior,
1064 1043 1260 1085 nonnullis
1289 1045 1327 1083 in

216 1105 310 1143 locis
343 1119 443 1144 sacr.
473 1105 761 1156 Scripturarum
791 1103 978 1154 Spiritum
1009 1101 1189 1139 Sanctum
1226 1099 1327 1137 sumi

215 1172 286 1211 pro
312 1158 397 1210 ejus
412 1159 547 1203 douis;
576 1169 687 1194 nemo
704 1165 828 1194 tamen
847 1157 1003 1203 inferat,
1034 1155 1210 1191 eumdem
1226 1166 1324 1190 sem-

216 1226 284 1262 per
315 1211 384 1249 hoc
413 1224 523 1248 sensu
551 1211 678 1255 sumi3
708 1208 777 1246 hoc
807 1208 911 1245 enim
933 1208 1071 1245 falsum
1094 1221 1169 1244 esse
1188 1235 1197 1253 ,
1230 1205 1325 1243 infe—

216 1267 298 1302 rius
327 1264 536 1302 luculenter
565 1260 934 1300 demonstrabimus.
964 1259 1038 1297 Sed
1066 1269 1254 1309 quantum
1277 1257 1325 1295 ad

216 1331 380 1369 praesens
408 1319 560 1363 attinet,
588 1316 628 1352 in
658 1315 781 1351 forma
810 1312 990 1364 baptismi
1011 1313 1199 1364 Spiritum
1229 1311 1326 1348 San-

213 1381 318 1407 ctum
348 1370 447 1407 sumi
479 1380 546 1419 pro
560 1367 748 1413 Persona,
778 1364 888 1416 longe
908 1366 1235 1403 evidentissimum
1251 1371 1326 1401 est.

216 1422 316 1460 Nam
344 1423 472 1473 primo
498 1419 609 1457 nulla
638 1420 738 1456 facta
766 1418 1004 1455 distinctione
1031 1418 1173 1455 dicitur
1193 1416 1325 1452 eodem

215 1475 351 1513 mocio:
399 1473 449 1511 Ιη
477 1476 640 1509 nomine
670 1471 828 1519 Putris,
858 1471 907 1510 (9¹
938 1469 1051 1518 Filii,
1080 1470 1129 1509 Εἰ]
1159 1468 1325 1518 Spiritus

215 1531 378 1571 soncti;
419 1541 463 1564 ac
491 1534 691 1578 propterea
719 1524 1045 1577 quemadmodum
1076 1520 1225 1561 Patrem
1243 1552 1253 1570 ,
1292 1519 1326 1556 8<

215 1580 361 1620 Filium
392 1581 485 1619 duas
513 1593 590 1617 esse
619 1579 812 1615 distinctas
843 1589 1020 1628 personas
1049 1575 1324 1626 intelligimus,

215 1635 317 1672 idem
347 1635 392 1671 de
420 1633 488 1684 Sp.
518 1631 558 1681 S!
601 1631 889 1682 intelligendum
919 1638 998 1667 est.
1047 1630 1221 1667 Secundo
1250 1629 1325 1665 im-

213 1688 371 1739 propria
399 1695 489 1724 esset
518 1684 585 1723 illa
614 1684 778 1722 locutio:
808 1687 848 1720 in
868 1687 1058 1730 nomine,
1090 1682 1180 1719 idest
1196 1686 1235 1718 in
1251 1684 1325 1717 vir-

217 1749 297 1777 tute
328 1738 404 1776 Dei
434 1739 592 1784 Patris,
622 1738 784 1787 ejusque
813 1739 988 1782 virtutis,
1030 1735 1174 1772 scilicet
1203 1734 1326 1784 Spiri-

213 1801 274 1829 ‘tus
303 1790 461 1828 Sancti.
506 1788 678 1826 Demum
713 1788 967 1824 decretorium
1010 1786 1120 1837 plane
1149 1786 1327 1831 videtur,

213 1843 318 1897 &quod
348 1843 438 1880 Act.
467 1840 584 1878 XIX.
614 1849 811 1877 narratur:
840 1851 978 1889 nempe
1007 1853 1096 1876 cum
1127 1837 1166 1875 S.
1189 1836 1327 1874 Paulus

214 1895 402 1949 quosdam
432 1893 574 1946 Ephesi
605 1893 835 1939 invenisset,
881 1893 948 1943 qui
979 1887 1078 1928 nihil
1107 1891 1152 1927 de
1182 1890 1327 1941 Spiritu

215 1950 354 1988 Sancto
381 1962 417 1986 se
460 1947 649 1985 audivisse
678 1945 883 1982 dicebant:
931 1956 1058 1994 neque
1101 1948 1134 1980 si
1163 1942 1327 1992 Spiritus

220 2011 384 2041 san-ctus
426 2008 508 2047 est,
557 1997 804 2044 audivimus,
849 1997 1046 2048 Apostolus
1089 1995 1328 2033 vehementer

219 2056 425 2094 admiratus
454 2065 513 2089 eos
543 2051 803 2100 interrogavit:
847 2051 886 2086 in
917 2062 990 2099 quo
1019 2061 1112 2100 ergo
1142 2047 1328 2098 baptizati

219 2114 313 2146 estis
327 2106 350 2143 Ρ
379 2106 488 2156 quasi
508 2117 646 2152 nempe
661 2102 879 2154 prodigium
896 2102 969 2153 ipsi
984 2101 1206 2148 videbatur,
1226 2100 1327 2152 quod

215 2159 349 2199 saltem
379 2159 418 2196 in
449 2158 571 2195 forma
599 2156 781 2207 baptismi
810 2154 909 2192 nihil
939 2154 983 2192 de
1013 2152 1161 2206 Spiritu
1191 2153 1327 2191 Sancto

218 2213 474 2252 audivissent.
523 2209 570 2248 At
598 2223 687 2246 vero
713 2207 778 2245 hic
820 2209 975 2246 nomine
1002 2207 1167 2259 Spiritus
1196 2206 1325 2244 Sancti

215 2279 414 2319 personam
448 2265 575 2302 venire
604 2261 817 2300 luculenter
845 2269 1028 2313 apparet.
1067 2260 1109 2297 Si
1137 2261 1242 2297 enini
1271 2271 1328 2297 so-

218 2321 256 2358 la
284 2321 403 2359 virtus
433 2316 504 2355 Dei
522 2346 532 2365 ,
575 2323 640 2353 aut
669 2314 812 2352 donum
848 2315 980 2366 gratiae
1023 2310 1327 2365 significaretur,

217 2374 306 2425 quis
334 2371 486 2418 credat,
528 2370 646 2407 fuisse
675 2367 858 2420 Ephesios
887 2366 973 2405 illos
1001 2367 1093 2405 adeo
1135 2366 1327 2417 stupidos,

220 2435 261 2463 nt
291 2425 477 2477 Spiritum
508 2422 691 2461 Sanctum
709 2435 816 2469 esse,
847 2433 998 2472 prorsus
1017 2417 1256 2471 ignorarent?
1285 2419 1329 2456 In

221 2480 345 2517 forma
373 2489 460 2529 ergo
488 2475 727 2528 baptismatis
754 2474 919 2526 Spiritus
946 2473 1102 2511 Sanctus
1134 2481 1171 2510 ut
1201 2471 1329 2510 Perso-

219 2545 296 2581 na,
332 2544 407 2569 nou
436 2531 592 2577 minus,
635 2542 751 2580 quam
782 2526 916 2576 Pater,
958 2525 993 2563 &
1022 2525 1145 2564 Filius
1175 2527 1329 2574 invoca-

219 2595 307 2633 tur,
354 2583 543 2637 quidquid
571 2583 615 2619 sit
652 2582 698 2619 de
727 2579 812 2618 aliis
855 2579 1087 2632 quibusdam
1117 2575 1327 2630 Scripturae

221 2638 349 2676 Sacrae
379 2637 470 2674 locis
488 2666 497 2684 ‚
528 2636 565 2672 in
595 2634 737 2686 quibus
766 2633 931 2684 Spiritus
951 2633 1078 2671 Sancti
1109 2633 1262 2669 nomine
1290 2645 1329 2668 e-

222 2690 281 2741 jus
301 2691 397 2728 dona
414 2719 424 2737 ,
455 2688 487 2724 8<
507 2689 667 2740 gratiam
686 2686 988 2725 sanctificantem
1006 2686 1195 2738 designari
1213 2712 1223 2733 ,
1252 2696 1329 2722 non

223 2743 445 2781 inficiamur
460 2768 472 2779 .

281 2809 369 2847 107.
399 2794 491 2845 Obj.
521 2793 683 2832 seeundo
702 2800 830 2831 contra
852 2788 921 2831 ult.
950 2789 1240 2845 probationem.
1271 2787 1331 2828 Ex

222 2862 266 2886 eo
294 2848 482 2887 versiculo
512 2847 552 2885 S.
582 2848 763 2885 Joannis:
808 2845 903 2884 Tres
932 2855 1023 2884 sunt
1059 2846 1146 2887 &a
1189 2857 1264 2882 non
1293 2859 1331 2881 e-

224 2904 413 2949 vincitur,
442 2910 513 2939 tres
543 2913 619 2938 esse
650 2902 687 2938 in
703 2899 786 2937 Deo
807 2913 982 2951 personas
1003 2901 1115 2937 unius
1144 2897 1331 2949 ejusdem-

224 2968 296 3005 que
327 2954 533 2993 individuae
563 2954 784 2991 substantiae
801 2983 811 3000 ,
842 2953 905 2990 sed
927 2954 1049 3004 potius
1068 2952 1303 2989 contrarium
1321 2976 1331 2988 .

225 3006 367 3044 Eodem
396 3010 500 3045 enim
528 3020 635 3044 sensu
658 3007 796 3044 dicitur
817 3007 862 3043 de
878 3003 986 3043 Patre
1004 3036 1014 3053 ,
1046 3004 1170 3052 Filio,
1200 3003 1335 3054 &Spi-

224 3062 301 3096 ritu
342 3059 497 3097 Sancto:
533 3061 583 3100 (9¹
612 3058 650 3097 hi
691 3067 770 3096 tres
800 3072 923 3096 unum
951 3068 1043 3096 sunt
1056 3086 1068 3106 γ,
1111 3072 1155 3096 ac
1183 3057 1229 3095 de
1257 3058 1334 3108 spi·

226 3114 328 3160 ritu,
358 3126 480 3164 aqua,
509 3112 543 3148 St
572 3114 775 3165 sanguine5
804 3114 912 3164 atqui
942 3112 1027 3151 hoec
1056 3113 1127 3150 tria
1156 3112 1334 3163 posterio—

279 3281 327 3315 (a)
359 3275 409 3310 Ea
435 3278 542 3311 verba
567 3276 607 3309 ‹le
634 3275 704 3310 sola
740 3279 874 3312 unitate
902 3291 1113 3319 consensus,
1155 3281 1187 3311 &
1212 3276 1337 3312 morali

229 3324 451 3368 explicarunt
476 3325 530 3358 Jo.
557 3323 746 3364 Calvinus,
772 3327 803 3356 δε
828 3327 986 3359 nonnulli
1006 3327 1086 3365 alii,
1111 3336 1261 3368 quorum
1278 3337 1339 3359 vc-

968 117 1368 165 DISSER'PATIO
1401 118 1435 163 I.
1484 118 1613 162 CAP.
1644 115 1723 160 ΙΙΙ.

1399 212 1441 236 ra
1470 212 1544 235 non
1575 202 1659 235 s‘unt
1701 207 1822 233 unum
1851 194 1891 234 in
1919 203 2081 244 natura,
2126 196 2189 235 sed
2217 195 2338 236 solum
2380 209 2503 238 unum

1398 261 1482 289 sunt
1525 252 1665 288 unitate
1707 249 1937 297 testimonii,
1984 249 2019 285 δε
2047 250 2212 289 morali:
2259 264 2348 303 ergo
2387 253 2504 291 etiam

1396 304 1469 342 διο.
1500 304 1562 353 (a)
1581 328 1593 340 .

1456 356 1543 395 108.
1574 355 1686 406 Resp.
1716 355 1869 406 primo,
1899 353 2074 392 nonnihil
2097 355 2333 396 discriminis
2360 357 2505 410 reperi-

1396 410 1429 447 ri
1459 411 1497 448 in
1526 409 1623 446 hene
1644 406 1775 445 multis
1794 407 1992 445 codicibus
2008 436 2018 454 ,
2047 421 2138 445 cum
2157 411 2292 458 graecis
2308 439 2318 458 ‚
2347 420 2428 448 tum
2449 409 2503 449 la·

1393 463 1481 500 tinis
1509 463 1605 498 inter
1631 459 1750 498 finem
1779 460 1957 511 septimi,
1986 460 2020 496 &
2049 459 2165 498 finem
2185 463 2310 500 octavi
2338 464 2505 502 versicu-

1396 514 1452 561 li3
1498 523 1652 552 octavus
1681 514 1785 551 enim
1815 514 1869 550 sic
1896 512 2165 551 concluditur:
2209 513 2259 554 ἔθ’
2289 514 2326 551 hi
2353 524 2434 554 tres
2462 529 2504 553 ιι-

1394 581 1492 604 num
1519 575 1610 604 sunt
1627 581 1642 610 ;
1667 566 1989 618 quemadmodum
2011 580 2112 604 nunc
2140 567 2254 605 etiam
2275 568 2377 619 apud
2392 569 2504 606 Grae·

1393 633 1458 658 cos
1486 619 1647 670 legitur.
1676 617 1864 656 Nonnulli
1893 628 2059 668 veteres,
2091 619 2320 658 utClemens
2339 620 2508 659 Alexan-

1394 674 1549 720 drinus,
1581 671 1825 720 Ambrosius,
1855 671 2149 711 &Cassiodorus
2176 672 2369 724 legerunt:
2397 674 2447 715 &⁴
2468 673 2506 711 lu·

1391 735 1471 763 tres
1499 738 1622 762 unum
1650 733 1741 762 sunt
1783 728 1825 762 in
1856 723 2009 763 Christo
2037 725 2155 763 Jesu.
2201 727 2347 764 Omitto
2376 726 2507 780 plures

1390 779 1568 826 codices,
1611 779 1649 816 in
1679 777 1821 829 quibus
1848 776 1933 816 haec
1968 777 2165 817 clausula:
2208 780 2258 820 ὠ
2287 779 2326 817 hi
2354 789 2433 818 tres
2463 793 2506 816 u-

1390 844 1490 870 num
1518 840 1608 869 sunt
1637 831 1675 868 iu
1703 840 1836 870 octavo
1856 830 2044 870 versiculo
2072 844 2224 882 prorsus
2250 833 2506 879 desideratum

1393 885 1494 923 unde
1523 883 1697 922 nonnulli
1725 886 1904 936 suspicati
1933 893 2039 932 sunt,
2070 884 2154 922 haec
2175 884 2292 923 verba
2321 885 2435 924 fuisse
2455 885 2506 924 ab

1395 939 1545 976 Arianis
1573 937 1747 988 adjecta3
1776 938 1877 990 quod
1907 947 2032 976 tamen
2054 938 2234 976 omnibus
2262 939 2508 977 consideratis

1395 994 1533 1043 parum
1563 991 1774 1029 verisimile
1804 991 1979 1029 videtur.
2022 990 2210 1030 Praeteoea
2245 992 2423 1044 quamvis
2451 1000 2507 1029 et-

1394 1046 1475 1082 iam
1503 1044 1679 1083 daremus
1695 1074 1705 1091 ,
1735 1057 1781 1081 ex
1810 1043 1882 1083 hoc
1903 1042 2089 1083 versiculo
2108 1054 2235 1082 contra
2252 1046 2412 1083 Arianos
2430 1057 2506 1083 non

1395 1098 1521 1135 evinci
1550 1098 1812 1149 apertissime,
1845 1106 1917 1135 tres
1944 1097 2091 1135 divinas
2120 1096 2298 1135 Personas
2326 1111 2402 1135 esse
2431 1097 2508 1136 sibi

1392 1149 1754 1198 consubstantiales,
1791 1159 1882 1188 esset
1911 1158 2037 1188 tamen
2066 1151 2167 1188 idem
2197 1149 2410 1188 versiculus
2438 1150 2503 1188 de-

1391 1203 1575 1241 cretorius
1611 1211 1741 1240 contra
1770 1202 2008 1241 sabellianos
2045 1204 2092 1241 ad
2121 1204 2400 1241 distinctionem
2443 1215 2505 1242 ea-

1395 1256 1571 1293 rumdem
1603 1255 1854 1292 Personarum
1883 1255 2230 1293 demonstrandam:
2258 1257 2361 1308 quod
2390 1257 2506 1308 potis-

1393 1310 1536 1347 simum
1568 1309 1608 1344 in
1640 1306 1709 1344 hac
1752 1308 2006 1345 controversia
2033 1316 2276 1358 spectamus.
2323 1308 2424 1347 Nam
2458 1309 2506 1347 de

1396 1362 1539 1398 unitate
1569 1368 1715 1397 naturae
1745 1373 1900 1411 agemus
1929 1368 2082 1412 Postea.

1454 1425 1540 1465 109.
1572 1412 1740 1450 Demum
1777 1421 1876 1451 recte
1917 1411 2155 1464 explicamus
2199 1411 2310 1451 illam
2353 1411 2507 1459 claus113

1393 1465 1472 1504 lam
1492 1496 1502 1514 ,
1543 1466 1592 1506 ὢ
1622 1463 1660 1502 Izi
1687 1475 1767 1503 tres
1797 1478 1920 1503 unum
1949 1474 2038 1503 sunt
2068 1467 2279 1518 appositam
2318 1465 2507 1504 versiculo

1393 1521 1552 1571 septimo
1580 1519 1625 1557 de
1655 1521 1797 1557 unitate
1825 1521 1993 1557 essentiae
2012 1549 2022 1567 ‚
2056 1520 2147 1571 quia
2177 1519 2351 1557 eamdem
2381 1521 2507 1558 unita-

1391 1581 1468 1610 tem
1491 1573 1666 1620 ‚essentiae
1697 1572 1868 1625 plurima
1896 1572 1974 1611 alia
2002 1572 2232 1610 confirmant
2253 1572 2387 1611 divina
2406 1573 2507 1611 testi-

1394 1626 1521 1663 monia
1538 1652 1548 1664 .
1577 1625 1716 1664 Contra
1746 1639 1836 1664 vero
1865 1626 1996 1663 eadem
2025 1624 2199 1663 clausula
2226 1633 2360 1663 octavo
2389 1625 2508 1665 versi·

1394 1678 1481 1716 culo
1509 1680 1682 1731 apposita
1712 1679 1863 1717 nonnisi
1900 1679 1946 1716 de
1976 1679 2118 1716 unitate
2162 1676 2300 1716 morali
2342 1677 2508 1728 intelligi

1395 1731 1531 1776 debet3
1571 1733 1665 1781 quia
1694 1746 1784 1769 cum
1814 1741 1917 1769 recta
1946 1733 2089 1769 ratione
2118 1740 2287 1782 pugnat,
2327 1740 2364 1769 ut
2393 1731 2506 1783 spiri·

1393 1791 1478 1829 tus,
1508 1796 1634 1834 aqua,
1664 1783 1698 1818 8(
1727 1785 1880 1834 sanguis
1909 1797 2028 1820 unum
2056 1785 2129 1820 sint
2159 1784 2300 1820 unitate
2316 1784 2508 1820 essentiae:

1397 1836 1472 1872 nisi
1502 1835 1596 1872 forte
1626 1835 1796 1882 dicatur,
1826 1835 1910 1873 haee
1939 1835 2011 1873 tria
2041 1846 2159 1873 unum
2184 1836 2296 1872 fuisse
2324 1836 2364 1872 in
2394 1844 2506 1874 natu-

1395 1900 1437 1924 ra
1467 1886 1636 1925 humana
1662 1886 1828 1937 Christi,
1873 1887 1983 1940 cujus
2013 1889 2208 1927 veritatem
2239 1888 2280 1926 in
2310 1887 2390 1940 ejus
2420 1902 2504 1942 pas-

1396 1942 1499 1978 sione
1527 1939 1793 1979 ostenderunt.

1455 2007 1541 2031 110.
1571 1993 1664 2044 Obj.
1695 1995 1838 2037 tertio:
1880 1992 2052 2033 Christus
2081 1993 2272 2033 Dominus
2309 1993 2420 2033 Joan.
2450 1993 2504 2034 X.

1397 2045 1462 2097 59.
1492 2047 1608 2084 dicit:
1637 2044 1753 2099 Ego,
1783 2047 1832 2088 (J
1861 2047 1982 2086 Pater
2003 2061 2125 2085 unum
2147 2061 2306 2085 sumus:
2335 2062 2423 2100 ergo
2442 2047 2507 2086 hae

1394 2098 1482 2136 duee
1513 2112 1682 2151 personae
1712 2099 1790 2137 solo
1818 2102 1971 2139 nomine
2001 2101 2286 2152 distinguuntur
2307 2127 2318 2138 .

1456 2162 1541 2189 111.
1574 2151 1685 2204 Resp.
1716 2153 1756 2190 ld
1785 2155 1971 2204 pertinere
2001 2154 2049 2192 ad
2089 2155 2261 2190 divinam
2305 2155 2506 2193 essentiam

1394 2218 1482 2256 quae
1514 2218 1588 2244 una
1617 2214 1669 2243 est
1697 2204 1735 2242 in
1764 2205 1885 2242 tribus
1917 2207 2107 2257 personis.
2139 2204 2327 2243 Praeclare
2354 2206 2396 2244 S.
2427 2209 2507 2244 Au-

1394 2258 1564 2309 gustinus
1593 2270 1707 2296 serm.
1728 2257 1839 2296 XVI.
1869 2257 1917 2296 de
1948 2257 2085 2297 Verbis
2112 2256 2309 2296 Domini:
2339 2289 2365 2308 ‚,
2396 2259 2508 2307 Quod

1396 2339 1423 2360 ‚‚
1453 2310 1532 2359 ait,
1561 2321 1685 2349 unum
1703 2342 1713 2360 ,
1743 2310 2074 2358 audiantAriani3
2104 2312 2205 2364 quod
2232 2313 2314 2360 ait,
2343 2325 2508 2362 sumus,

1397 2393 1424 2413 „
1454 2366 1611 2402 audiant
1639 2364 1879 2411 Sabelliani3
1923 2364 1957 2402 8<
1986 2380 2052 2404 nec
2082 2365 2142 2404 illi
2172 2364 2390 2418 aequalem,
2436 2379 2510 2404 nec

1395 2446 1423 2466 „
1452 2416 1512 2455 isti
1541 2417 1703 2456 alterum
1732 2419 1930 2470 negand0‚
1959 2420 2033 2457 sint
2061 2420 2175 2457 vani.
2206 2422 2230 2441 “

1456 2483 1544 2509 112.
1574 2471 1668 2523 Obj.
1697 2481 1854 2524 quarto:
1884 2472 2020 2511 Joann.
2042 2471 2170 2511 XVll.
2192 2472 2230 2512 5.
2261 2470 2509 2524 inquitChri-

1395 2530 1493 2561 stus:
1526 2520 1628 2562 Haec
1649 2533 1707 2563 est
1726 2533 1863 2562 autern
1883 2529 1963 2563 rita
1992 2535 2149 2564 aeterna
2166 2556 2176 2574 ,
2207 2534 2247 2563 ut
2267 2532 2510 2577 cognoscant

1396 2585 1434 2613 te.
1462 2577 1590 2615 solum
1620 2591 1754 2616 verum
1783 2578 1916 2616 Deum
1934 2610 1944 2627 ,
1979 2580 2028 2620 <9‘
2057 2593 2173 2630 quem
2204 2582 2346 2617 misisti
2373 2578 2512 2618 Iesum

1401 2629 1598 2668 Christum
1615 2656 1625 2669 .
1655 2630 1715 2670 Ex
1743 2632 1885 2684 quibus
1911 2632 2078 2670 Crellius
2098 2633 2388 2671 Sociuianorum
2420 2644 2511 2669 acu-

1397 2684 1564 2721 tissimus
1594 2685 1643 2723 ita
1673 2694 1958 2736 argumentatur
2001 2687 2017 2737 (
2047 2686 2136 2724 Lib.
2167 2686 2196 2724 l.
2240 2684 2287 2723 tle
2316 2685 2404 2723 Deo
2431 2695 2510 2721 uno

1399 2735 1520 2774 Patre
1549 2746 1636 2776 sect.
1665 2752 1697 2776 1.
1728 2739 1767 2786 ):
1798 2738 1853 2776 Ea
1882 2748 1932 2776 est
1963 2740 2045 2787 vis,
2077 2739 2111 2775 Sc
2141 2748 2297 2790 potestas
2319 2737 2423 2776 illius
2443 2747 2510 2773 vo-

1398 2789 1453 2826 cis
1480 2790 1628 2839 solum,
1672 2800 1711 2829 ut
1738 2805 1867 2830 omnes
1895 2791 1988 2830 alios
2017 2792 2192 2831 excludat
2222 2807 2244 2829 a
2271 2789 2508 2828 communio-

1398 2853 1446 2879 ne
1475 2843 1677 2894 praedicati
1721 2853 1859 2896 praeter
1888 2858 2004 2894 eum,
2041 2846 2105 2882 cui
2135 2843 2358 2895 apponitur:
2401 2842 2509 2893 atqui

1398 2895 1429 2932 is
1448 2924 1457 2942 ,
1487 2899 1550 2934 cui
1581 2900 1786 2949 apponitur
1815 2897 1898 2936 liaec
1928 2910 2000 2934 vox
2026 2898 2180 2944 solum,
2209 2904 2262 2932 est
2290 2893 2419 2932 Pater:
2450 2907 2508 2930 er-

1398 2960 1445 2999 go
1473 2948 1634 2999 quilibet
1663 2951 1761 2988 alius
1788 2949 2004 2988 excluditur
2032 2964 2054 2986 a
2096 2949 2365 2985 communione
2403 2945 2510 2985 illius

1400 3002 1600 3051 praedicati
1621 2999 1731 3041 Deus
1760 3015 1891 3050 verus,
1919 3002 1969 3041 ὅ)
1997 3014 2178 3039 Summus
2195 3031 2205 3049 ,
2235 3000 2336 3052 quod
2359 2999 2509 3038 uniPa-

1401 3056 1448 3092 tri
1476 3054 1683 3104 tribuitur,
1714 3056 1881 3108 adeoque
1911 3067 1984 3090 non
2015 3064 2066 3092 est
2086 3055 2157 3092 nisi
2178 3054 2310 3092 divina
2324 3052 2511 3092 Persona.

1461 3106 1547 3146 115.
1580 3105 1690 3161 Resp.
1719 3123 1809 3147 cum
1838 3109 1877 3148 S.
1908 3106 2058 3145 Thema
2079 3107 2146 3146 IV.
2179 3106 2292 3147 Cont.
2323 3106 2444 3198 Gentg.
2473 3119 2508 3143 c.

1406 3273 1509 3319 stigta
1535 3276 1661 3319 pressit
1688 3274 1884 3309 Riclmrdus
1903 3276 2075 3309 Simonins
2101 3275 2186 3309 dans
2212 3275 2408 3309 l‘Histoire
2426 3271 2506 3305 Cri-

1407 3326 1498 3365 tc'que
1524 3323 1568 3354 du
1592 3334 1715 3357 ηονειιιι
1742 3322 1938 3358 Testament
1963 3323 2065 3356 Tom.
2089 3324 2116 3357 Ι.
2143 3334 2218 3367 cap.
2247 3333 2300 3365 17.
