2577 3633
626 82 817 142 DIVIN.
851 85 887 129 J.
927 85 978 129 C.
1010 84 1099 129 EX
1131 82 1452 130 EVANGEL.
1487 85 1770 132 JOANNIS.
2184 100 2236 140 gs

2 171 185 220 ἐγένετοτ
218 166 389 208 Verbum
417 175 515 204 caro
531 163 701 218 factum
730 175 815 205 est.
853 165 968 204 Porro
996 167 1028 204 si
1057 179 1122 205 vo-

4 221 134 262 luisset
164 225 320 263 dicere:
370 218 542 258 Verbum
571 233 668 259 caro
698 220 812 273 fuit,
857 230 896 259 ut
924 220 1121 258 Sociuiani

4 277 223 330 explicant,
267 288 336 314 cur
365 275 498 312 eodem
528 275 646 313 verbo
674 275 908 314 substantivo
942 275 1006 326 ε’μι
1032 287 1121 312 usus

1 343 81 370 non
111 329 191 369 est?
237 329 432 377 Quaenam
460 328 566 366 reddi
597 337 715 381 potest
744 327 858 381 hujus
899 329 1120 366 mutationis

5 383 149 423 causa?
184 382 268 422 Nisi
300 383 395 431 illa,
426 396 542 435 quam
573 396 634 420 nos
664 384 926 434 assignamus,
956 381 1119 421 voluisse

5 438 151 476 scilicet
179 437 227 476 iis
256 435 416 476 vocibus
444 435 643 474 ineffabile
671 437 947 476 incarnationis
980 445 1120 489 myste-

0 491 105 529 rium
136 493 353 543 exprimere
370 517 380 529 .

65 544 154 592 146.
186 544 355 583 Ulterius
386 544 487 582 idem
517 557 622 582 sacer
651 543 821 597 Scriptor
854 543 894 582 in
924 542 1122 581 versiculis

2 599 268 651 superioribus
298 599 431 636 eodem
461 598 579 636 verbo
610 596 757 646 ἐγένετο
786 612 873 636 usus
904 607 982 646 est,
1031 610 1120 635 cum

5 652 127 691 dixit:
161 651 315 690 Omnia,
344 663 414 700 per
443 655 571 701 ipsum
589 652 720 703 fucta
749 662 867 701 sunt,
897 652 946 692 <J
975 655 1062 688 sine
1092 654 1121 687 i-

3 718 76 757 pso
90 704 263 758 factum
291 713 347 743 est
365 704 461 742 nihil
480 705 582 757 quod
597 704 767 757 jactum
783 715 842 744 est
859 733 868 745 .
899 705 1002 752 Tum
1025 714 1122 756 post-

5 771 74 797 ea:
103 757 161 797 Et
190 759 363 797 mundus
391 773 460 809 per
479 764 607 810 ipsum
622 757 769 810 factus
798 770 882 806 επ,-
911 760 953 797 iu
981 759 1122 810 quibus

4 812 100 851 locis
128 826 239 851 nemo
267 813 415 851 dubitat
435 827 567 852 vocem
583 826 751 865 graecam
779 813 928 864 ἐγένετο
948 821 1047 850 recte
1068 826 1122 850 es-

7 880 45 905 se
75 866 299 905 translatam
330 868 369 905 in
399 866 562 905 latinum
579 867 674 920 fio.
703 868 782 904 Cur
803 879 890 917 ergo
909 875 1037 918 postea
1056 880 1123 904 ne-

1 919 202 973 gabimus,
233 920 398 959 fideliter
427 921 542 959 fuisse
571 922 615 958 iu
641 920 800 957 latinam
829 918 1000 970 linguam
1022 918 1121 974 illud

1 986 155 1012 comma
183 988 407 1013 conversum
439 978 468 1023 »ζ
497 975 512 1013 ὁ
541 975 649 1022 λα’)ος
676 969 775 1021 adp}
805 970 975 1020 ἐγένετοτ
1026 970 1122 1012 Ver-

3 1026 97 1066 bum
126 1041 225 1066 caro
240 1028 409 1081 suctum
439 1023 540 1063 est?

63 1082 151 1134 147.
183 1083 318 1129 Addo,
361 1081 533 1130 ineptam
569 1076 683 1129 plane
719 1091 797 1115 esse
826 1077 1121 1118 Socinianorum

2 1138 220 1174 versionem
252 1132 425 1171 Verbum
441 1130 530 1183 sitit
557 1144 686 1176 caro;
718 1146 766 1170 ne
796 1132 941 1170 scilicet
970 1134 1122 1173 Fideles

1 1190 43 1228 in
74 1202 239 1227 errorem
269 1187 568 1233 inducerentur,
597 1185 816 1234 credentes,
848 1186 1021 1226 Verbum
1044 1203 1120 1227 esse

2 1242 130 1281 Deum
148 1269 158 1280 .
189 1242 230 1280 Si
260 1240 330 1279 hoc
351 1240 479 1278 fictitii
509 1239 646 1276 erroris
676 1239 894 1291 periculum
924 1256 1120 1293 praecave-

0 1308 42 1333 re
70 1295 224 1334 volebat
251 1296 380 1334 Sanct.
410 1294 571 1331 Joanues
588 1322 599 1341 ‚
629 1304 701 1330 non
722 1293 908 1331 debuisset
923 1298 1049 1334 statim
1069 1297 1119 1335 ab

0 1350 110 1388 initio
138 1350 284 1387 dicere:
315 1346 488 1386 Verbum
517 1354 605 1384 erut
633 1344 746 1383 Deus
768 1361 782 1390 ;
819 1346 1017 1402 multoque
1046 1351 1119 1387 mi-

1 1415 73 1440 nus
102 1404 143 1440 in
172 1416 240 1440 sua
268 1403 398 1455 prima
425 1399 584 1453 epistola
611 1399 740 1439 Jesum
760 1399 956 1440 Christum
986 1416 1120 1442 vocare

6 1468 142 1493 rerum
171 1456 306 1494 Deum
323 1483 334 1494 .

64 1509 152 1548 1A8.
183 1510 341 1548 Frustra
370 1522 460 1548 vero
488 1508 684 1549 Sociniaui
726 1509 915 1561 objiciunt
952 1513 1119 1550 versicu-

4 1563 88 1600 lum
118 1572 294 1613 sextum‚
343 1578 460 1616 quem
489 1573 611 1601 noster
652 1563 829 1615 vulgatus
859 1566 1045 1618 interpres
1074 1579 1119 1603 ex

5 1629 134 1668 graeco
161 1618 315 1667 ἐγένετο
345 1618 478 1656 vertit:
517 1616 603 1654 Fuit
633 1617 747 1656 bomo
775 1622 919 1656 missus
947 1633 974 1656 a
1003 1619 1118 1658 Deo.

3 1670 188 1718 Frustra,
219 1671 399 1722 inquam3
443 1673 496 1709 ita
526 1672 628 1709 enim
659 1673 754 1710 verti
784 1672 937 1721 debuit,
968 1683 1120 1723 propter

3 1725 255 1775 participium
277 1729 422 1762 missus
441 1737 468 1762 α
484 1723 572 1762 Deo
593 1721 716 1764 εἶπες-α
744 1728 875 1774 mim
895 1728 997 1775 παρά
1019 1728 1117 1768 Oet:

2 1791 93 1828 quae
123 1778 324 1815 necessitas
351 1790 427 1816 non
457 1787 534 1814 erat
564 1779 603 1814 in
633 1775 822 1813 versiculo
856 1777 916 1821 14.

63 1830 152 1883 149.
181 1830 342 1878 Frustra
369 1831 482 1868 etiam
513 1831 592 1868 vim
622 1829 738 1866 nostri
759 1831 972 1881 argumenti
1001 1830 1122 1869 decli-

1 1897 96 1922 nare
124 1892 335 1933 conantur,
365 1883 558 1932 nolentes,
588 1895 696 1935 posse
711 1883 912 1930 concludi,
944 1883 1120 1922 Verbum

2 1937 84 1989 jam
127 1945 214 1975 ante
245 1938 543 1976 incarnationem
586 1937 750 1975 extitisse
773 1968 805 1986 ,.
832 1938 924 1989 quia
952 1938 1119 1976 dicitur:

5 1989 177 2029 Verbum
206 2003 304 2029 caro
320 1990 490 2043 factum
509 2001 598 2036 est5
628 1992 745 2044 quia,
778 1992 984 2040 inquiunt,
1014 2002 1118 2045 pote-

4 2054 62 2083 rat
91 2043 267 2083 Verbum
296 2046 374 2084 dici
403 2047 548 2085 factum
578 2057 689 2094 care,
735 2045 881 2083 etiamsi
910 2055 1019 2084 antea
1049 2060 1121 2085 non

5 2099 294 2151 praeextitisset3
332 2099 661 2152 quemadmodum
691 2099 790 2137 Gen.
819 2099 868 2137 II.
903 2114 938 2151 7.
980 2101 1122 2138 dicitur

4 2154 130 2190 Adam
148 2151 295 2204 filetus
323 2157 365 2190 in
395 2158 584 2192 animam
615 2157 806 2192 viventem
824 2183 834 2201 ,
879 2167 968 2191 cum
997 2163 1122 2191 tamen

6 2215 117 2246 antea
147 2218 219 2243 uon
248 2209 538 2257 praeextitisset.

69 2260 157 2297 150.
188 2257 409 2309 Respondeo
438 2260 539 2297 enim
556 2288 567 2307 ,
597 2258 669 2296 hoc
689 2259 816 2311 ipsum
837 2260 977 2297 Adam}
998 2273 1124 2297 exem-

8 2313 120 2365 plum
152 2320 284 2350 contra
313 2325 376 2350 eos
406 2313 682 2365 retorquendo:
724 2314 816 2364 quia
846 2313 968 2351 Adam
1001 2317 1127 2365 reipsa

9 2367 197 2404 formatus
227 2374 331 2413 erat,
363 2375 546 2418 quantum
577 2366 624 2404 ad
652 2378 817 2418 corpus,
847 2368 1000 2418 quando
1020 2368 1125 2405 Deus

9 2421 213 2473 inspiravit
243 2420 281 2457 in
313 2419 451 2457 faciem
483 2419 564 2470 ejus
593 2419 831 2472 spiraculum
852 2422 964 2467 vitae,
998 2431 1036 2458 ut
1057 2421 1125 2459 fie-

8 2483 67 2511 ret
94 2475 137 2512 in
167 2474 339 2512 animam
369 2475 559 2512 viventem
579 2501 589 2512 .
627 2474 876 2526 Quamquam
907 2477 1019 2512 etiam
1049 2474 1128 2512 alia

10 2528 108 2565 ratio
138 2537 189 2564 est
218 2527 264 2564 de
293 2526 424 2565 Verbo
454 2527 625 2575 Divin0‚
655 2528 756 2580 quod
786 2542 807 2565 a
827 2527 962 2566 Sancto
981 2527 1126 2567 Joanne

9 2580 239 2618 describitur
269 2581 428 2618 existens
457 2580 535 2631 jam
566 2582 606 2618 in
636 2581 854 2634 principio,
898 2582 966 2619 hoc
997 2593 1048 2620 est
1075 2583 1125 2620 ab

11 2643 182 2682 aetern0‚
226 2633 259 2670 8(
289 2644 416 2686 postea
445 2635 584 2673 dicitur
615 2636 653 2672 in
684 2643 852 2687 tempore
889 2636 1033 2674 factum
1063 2651 1124 2675 ca-

9 2700 79 2725 ro.
128 2687 214 2725 Non
245 2689 355 2739 quasi
384 2689 534 2726 desierit
563 2702 640 2726 esse
668 2688 843 2727 Verbum
861 2720 872 2738 ,
911 2699 974 2727 aut
1003 2701 1124 2728 muta-

10 2748 94 2779 tum
123 2742 240 2779 fuerit
269 2743 309 2779 in
331 2755 511 2788 carnem;
540 2743 603 2780 sed
624 2743 715 2795 quia
735 2757 887 2781 carnem
904 2775 913 2791 ‚
945 2744 1037 2782 idest
1052 2744 1124 2782 hu-

11 2808 166 2833 manam
196 2804 372 2833 naturam
390 2826 400 2844 ,
432 2810 519 2849 quae
551 2810 622 2834 usu
651 2810 723 2834 non
752 2797 985 2849 infrequenti
1016 2814 1037 2836 a
1065 2814 1124 2837 sa-

13 2849 90 2885 cris
117 2849 366 2902 scriptoribus
408 2849 626 2902 appellatur
655 2863 752 2888 caro
769 2881 780 2898 ‚
824 2851 863 2888 in
891 2853 1123 2890 consortium

15 2900 154 2938 divinae
183 2912 332 2940 naturae
362 2906 592 2955 assumpsit5
638 2905 739 2956 qnod
771 2903 925 2945 uberius
952 2906 1123 2945 declara-

14 2951 119 2989 bitur
146 2955 188 2991 in
215 2956 395 2995 Tractatn
426 2958 472 2995 de
500 2958 792 2996 incarnatione.
907 2992 911 2996 .

77 3005 163 3042 15'1.
192 3007 266 3045 Sed
308 3020 440 3049 contra
467 3010 552 3049 haec
593 3013 725 3050 omnia
760 3011 884 3051 adhuc
926 3015 1123 3066 insurgunt

14 3057 295 3097 caviliosissimi
315 3063 505 3103 Sociniani
520 3096 532 3114 ,
562 3067 824 3104 contendentes
839 3097 849 3115 ‚
880 3081 924 3104 ex
941 3077 1015 3106 toto
1029 3069 1122 3107 San-

15 3114 65 3150 cti
87 3111 240 3149 Joannis
268 3123 440 3153 contextu
470 3119 664 3157 manifeste
693 3134 878 3172 apparere
895 3151 905 3170 ,
936 3135 979 3160 eo
1000 3124 1038 3160 in
1060 3137 1122 3160 ca-

13 3168 93 3217 pite
124 3178 200 3226 uon
226 3179 303 3202 esse
330 3181 566 3221 sermonem,
594 3175 670 3212 nisi
697 3175 742 3211 de
764 3176 954 3226 principio
983 3177 1123 3228 praedi-

14 3220 173 3256 cationis
192 3218 327 3257 Joanu.
350 3222 527 3273 Baptistae
544 3255 555 3273 ‚
584 3227 735 3279 quando
754 3227 922 3267 Christus
953 3231 1121 3268 nonduin

15 3272 230 3310 innotuerat
258 3274 425 3322 mundo,
455 3274 542 3315 licet
568 3280 610 3317 in
631 3282 773 3319 mundo
792 3281 870 3333 jam
902 3293 1014 3321 esset.
1043 3284 1124 3321 Ob-

16 3336 165 3365 servant
181 3328 298 3373 enim,
316 3327 505 3365 versiculo
516 3330 557 3368 6.
572 3332 736 3384 describi
754 3337 971 3376 missionem
987 3337 1122 3378 Joaun.

125 3378 363 3432 Gazzciniga
395 3380 524 3422 Theol-
554 3383 666 3424 Tom.
685 3389 754 3426 ΠΙ.

1187 165 1367 218 Baptistae
1397 167 1444 204 iis
1463 167 1613 206 verbis:
1643 167 1730 206 Fuit
1751 167 1866 207 bomo
1886 174 2029 211 missus
2050 185 2076 211 a
2094 172 2181 214 Deo
2198 207 2209 226 ‚
2239 182 2302 216 cui

1190 232 1339 257 nomen
1368 230 1456 258 erat
1483 220 1689 259 Ioannes:
1736 223 1872 261 deinde
1903 236 1983 277 post
2011 226 2156 280 aliquot
2184 234 2302 270 versi-

1192 273 1295 311 culos
1325 274 1424 312 diei:
1455 273 1509 312 Et
1533 273 1705 313 Verbum
1725 289 1820 314 curo
1836 277 2004 329 sucrum
2034 292 2123 327 est,·
2152 287 2218 336 qui
2239 298 2300 323 or-

1188 326 1236 362 do
1261 329 1415 365 omnino
1458 338 1711 380 praeposterus
1741 340 1863 379 esset,
1911 334 1941 370 si
1970 334 2016 370 de
2058 349 2148 374 vera
2179 337 2301 378 Verbi

1187 380 1446 419 Incarnatione
1477 382 1517 420 S.
1547 382 1790 435 Evangelista
1818 383 1965 423 locutus
1995 388 2150 439 fuisset,
2192 395 2302 445 quasi.

1188 433 1332 471 scilicet
1363 444 1442 485 post
1473 437 1788 488 praedicationem
1818 438 1995 490 Baptistae
2027 442 2202 484 Verbum
2246 447 2302 484 fa·

1189 497 1294 524 ctum
1324 488 1454 525 fuisset
1483 504 1596 537 caro3
1626 492 1727 544 quod
1758 501 1900 530 constat
1929 508 2005 532 esse
2036 495 2174 535 falsum
2192 528 2202 538 .
2249 501 2304 538 0-

1190 541 1294 578 muia
1313 555 1402 578 vero
1419 552 1516 580 recte
1532 544 1682 593 fluunt,
1713 547 1742 584 si
1762 546 1936 584 dicamus
1953 577 1964 596 ,
1993 548 2187 589 Christum
2206 552 2303 591 Ver-

1189 594 1286 632 bum
1315 594 1389 631 Dei
1434 597 1691 648 metaphorice
1722 609 1924 650 vocatum,
1972 600 2052 653 jam
2083 605 2122 641 in
2161 608 2303 645 mundo

1191 649 1354 686 extitisse
1373 678 1382 695 ,
1430 650 1500 687 soli
1530 652 1612 687 Deo
1642 663 1798 699 notum3
1847 664 1926 693 tum
1970 665 2097 707 postea
2125 659 2304 711 Baptistae

1190 702 1463 792 praedicatione
1491 705 1634 742 mundo
1663 708 1972 754 manifestatum3
2003 724 2046 748 ac
2076 711 2238 765 denique
2259 715 2307 752 il-

1210 755 1463 793 ud‘Verbuin
1494 760 1648 809 proprie
1676 760 1804 799 Deum
1835 776 1909 799 non
1939 763 2080 812 fuisse,
2130 768 2194 804 sed
2222 782 2304 807 cat·-

1191 823 1280 847 nem
1298 839 1309 858 ‚
1340 823 1405 847 seu
1435 809 1630 848 hominem
1649 838 1659 850 .
1689 813 1763 851 Hic
1783 816 1894 862 ordo,
1925 818 2122 869 inquiunt,
2153 833 2227 858 non
2247 835 2304 860 so-

1192 861 1274 901 lum
1304 872 1428 901 rectus
1457 872 1537 912 est,
1582 863 1615 899 8<
1645 864 1810 917 planus,
1858 870 1921 907 sed
1951 872 2064 909 etiam
2100 872 2188 912 aliis
2216 875 2307 915 Jesu

1190 916 1330 955 Christi
1360 916 1487 956 verbis
1516 918 1672 958 omnino
1691 922 1896 960 conformis
1914 953 1924 971 ‚
1954 926 2105 976 quando
2125 927 2220 966 dixit
2234 929 2306 969 Di-

1191 971 1349 1023 scipulis
1377 973 1454 1008 suis
1483 971 1616 1009 Joann.
1647 972 1736 1010 XV.
1768 974 1918 1014 ulti1n.:
1950 977 2004 1016 Ec
2033 993 2099 1018 νος
2127 986 2305 1022 testimo-

1192 1028 1305 1062 nium
1332 1024 1601 1076 perhibebitis,
1643 1030 1735 1077 qum
1764 1028 1816 1065 ab
1845 1033 1956 1069 inicio
1995 1047 2152 1072 mecum
2182 1041 2303 1087 estis,

1190 1079 1239 1116 ab
1269 1080 1399 1126 initio,
1430 1080 1588 1131 inquam
1607 1111 1616 1128 ,
1646 1081 1929 1132 praedicationis
1958 1086 1999 1124 S.
2028 1087 2208 1130 Joannis.

1250 1133 1337 1171 152.
1369 1132 1482 1185 Hesp.
1513 1133 1735 1173 Socinianos
1763 1138 1887 1187 potius
1918 1147 2036 1177 totum
2065 1142 2170 1182 illius
2198 1146 2305 1198 capi*

1189 1187 1236 1224 tis
1264 1187 1436 1225 ordinem
1468 1188 1716 1239 perturbare,
1747 1203 1837 1227 cum
1868 1190 2022 1240 volunt,
2061 1197 2191 1246 priora„
2220 1213 2305 1236 ver..

1188 1240 1238 1278 ba
1267 1244 1309 1278 in
1336 1245 1527 1293 principio
1557 1257 1632 1280 esse
1653 1243 1850 1282 referenda
1880 1245 1925 1282 ad
1947 1248 2186 1301 principium
2205 1266 2306 1304 pree-

1187 1294 1385 1332 dicationis
1422 1295 1582 1334 Joannis
1613 1296 1823 1349 Baptistae3
1871 1297 1906 1335 ἃ
1948 1310 2075 1352 postea
2115 1295 2307 1344 versiculo

1188 1357 1312 1395 sexto,
1344 1348 1514 1397 ejusdem
1538 1350 1713 1402 Baptistae
1744 1353 1964 1391 missionem
1993 1357 2182 1404 describi3
2212 1375 2306 1412 qua-

1189 1403 1218 1439 si
1250 1401 1396 1440 scilicet
1427 1403 1638 1454 praedicare
1669 1406 1911 1458 incoepisset‚
1950 1417 2153 1462 antequam
2185 1416 2306 1451 mitte-

1187 1464 1318 1493 retur.
1350 1456 1550 1495 Debuisset
1582 1458 1686 1496 enim
1707 1460 1948 1511 Evangelista
1977 1464 2142 1502 exordiri
2173 1482 2194 1503 a
2214 1469 2304 1506 mis-

1187 1511 1291 1547 sione
1322 1508 1599 1560 praecursoris,
1642 1514 1674 1550 si
1704 1512 1882 1552 voluisset
1910 1516 1955 1552 de
1985 1518 2176 1570 principio
2206 1520 2307 1563 eius-

1186 1563 1274 1600 dem
1306 1565 1583 1613 praedicationis
1612 1565 1746 1618 loqui5
1772 1567 1823 1611 K&
1853 1577 1977 1620 postea
2007 1570 2132 1609 dicere
2150 1603 2160 1620 ,
2190 1569 2306 1613 fuisse

1186 1616 1266 1668 jam
1299 1620 1335 1655 in
1367 1619 1506 1656 mundo
1536 1618 1740 1668 Verbum,
1770 1621 1832 1659 sed
1860 1622 1931 1660 soli
1961 1623 2042 1661 Deo
2071 1635 2225 1666 notum.
2255 1629 2305 1667 At

1188 1684 1278 1708 vero
1308 1680 1395 1708 tuuc
1425 1685 1752 1723 supervacaneum
1781 1677 1934 1713 omnino
1955 1686 2032 1715 erat
2052 1679 2204 1719 Fideles
2223 1696 2306 1720 ino-

1187 1738 1278 1761 nere
1296 1755 1306 1772 ,
1337 1725 1438 1776 quod
1468 1725 1643 1762 Verbum
1673 1726 1745 1764 hoe
1774 1741 1871 1765 euro
1887 1729 2057 1779 fuctum
2089 1743 2172 1782 est,
2215 1750 2307 1774 cum

1188 1776 1268 1827 jam
1311 1778 1486 1828 superius
1515 1778 1703 1826 dixisset,
1751 1781 1880 1831 ipsum
1909 1784 1948 1820 in
1978 1786 2121 1822 mundo
2164 1788 2306 1837 fuisse,

1189 1831 1366 1881 quamvis
1397 1831 1540 1868 mundo
1570 1832 1738 1882 ignotum
1758 1860 1767 1870 .
1817 1834 1917 1872 Ecce
1946 1839 2138 1888 quomodo
2179 1854 2306 1880 caecu-

1190 1886 1284 1922 tiant
1312 1883 1798 1935 oculatissimiSoeiniani,
1830 1886 1863 1922 8(
1884 1902 1958 1928 non
1988 1891 2111 1930 solum
2131 1907 2309 1944 sensum,

1189 1938 1252 1975 sed
1283 1946 1402 1975 totum
1433 1939 1547 1976 etiam
1577 1939 1750 1978 ordinem
1780 1940 1886 1980 illius
1906 1945 2043 1996 capitis
2064 1949 2309 1999 perturbent,

1187 1991 1280 2029 dum
1312 2007 1334 2029 a
1363 1991 1477 2043 plana
1506 1994 1714 2042 recedunt,
1745 1993 1779 2029 8c
1808 1998 2059 2037 vetustissima
2086 2000 2202 2053 hujus
2232 2004 2309 2044 loci

1190 2045 1445 2097 explicatione
1463 2077 1472 2094 ‚
1502 2060 1580 2098 qua
1609 2047 1796 2094 dicimus,
1826 2051 1954 2100 primo
1981 2066 2003 2088 a
2032 2053 2074 2091 S.
2102 2055 2309 2109 Evangeli-

1190 2108 1245 2136 sta
1274 2100 1390 2136 fuisse
1412 2100 1643 2150 descriptam
1665 2109 1847 2138 aeternam
1866 2103 1983 2142 Verbi
2005 2101 2308 2161 generationem,

1192 2166 1268 2202 qua
1297 2151 1375 2202 jam
1406 2154 1447 2190 in
1478 2153 1668 2205 principio
1699 2163 1777 2192 erat
1805 2157 1908 2207 apud
1937 2156 2108 2209 Patrem,
2140 2161 2172 2197 8<
2201 2164 2309 2204 Deus

1194 2215 1291 2251 erat3
1339 2214 1420 2258 post
1463 2214 1589 2243 autem
1631 2209 1848 2246 missionem
1877 2210 1918 2248 S.
1947 2212 2100 2253 Joannis
2128 2216 2308 2269 Baptistae

1194 2261 1464 2309 praecursoris,
1495 2261 1562 2312 qui
1592 2270 1701 2299 natus
1730 2272 1808 2300 erat
1838 2263 1877 2302 in
1898 2268 2070 2317 munch,
2100 2280 2308 2324 antequam

1193 2313 1368 2351 Verbum
1397 2327 1484 2351 caro
1514 2315 1656 2352 factum
1677 2326 1902 2368 appareret3
1931 2334 1975 2358 ac
1997 2332 2186 2373 postremo
2207 2326 2308 2378 ejus-

1193 2368 1280 2404 dem
1313 2367 1431 2405 Verbi
1461 2368 1724 2415 nativitatem3
1767 2371 1866 2408 unde
1896 2377 2050 2426 proprie
2086 2378 2308 2420 inchoatum

1194 2430 1249 2458 est
1279 2436 1459 2474 ngnum
1492 2421 1588 2460 illud
1618 2433 1753 2461 nostrae
1784 2425 2052 2479 redemptionis
2081 2444 2175 2483 opus
2196 2461 2208 2472 0

1255 2476 1340 2513 155.
1372 2475 1502 2513 Verba
1543 2484 1670 2514 autem
1711 2477 1798 2515 Jesu
1828 2479 1967 2519 Christi
2010 2485 2057 2520 ad
2087 2485 2307 2539 Discipulos

1193 2528 1330 2567 Joann.
1361 2528 1450 2566 XV,
1482 2528 1577 2567 nihil
1608 2529 1715 2568 aliud
1742 2533 1985 2583 significant,
2016 2552 2133 2590 quani
2164 2545 2307 2593 pomis-

1194 2597 1230 2619 se
1261 2596 1321 2620 eos
1351 2597 1464 2620 vera}
1495 2585 1751 2622 testimonium
1773 2587 1928 2625 reddere
1948 2592 2118 2629 omnium
2151 2607 2281 2633 eorum

1193 2651 1296 2688 quae·
1312 2636 1483 2674 Christus
1510 2647 1698 2688 gesserat,
1727 2653 1771 2676 ac
1795 2640 2000 2692 docuerat,
2047 2648 2229 2698 quoniam
2257 2628 2308 2689 aii

1193 2691 1305 2728 initio
1335 2705 1423 2728 cum
1452 2690 1520 2728 illo
1541 2691 1691 2729 fuerant
1708 2719 1719 2729 .
1750 2693 1831 2732 Hoc
1851 2704 1976 2734 autem
1993 2712 2200 2750 quamnam
2218 2717 2310 2742 con-

1192 2746 1392 2782 nexionem
1423 2743 1557 2781 habeat
1586 2758 1675 2782 cum
1706 2754 1806 2784 textu
1827 2748 1896 2786 illo
1916 2751 2122 2793 decretorio
2138 2756 2177 2794 S.
2193 2758 2307 2796 Joan„

1192 2800 1275 2846 nis,
1307 2812 1415 2835 nemo
1444 2807 1542 2835 certe
1570 2808 1708 2850 praeter
1737 2800 1959 2842 Soeinianos
1988 2807 2152 2847 viderit.

1252 2852 1338 2897 154.
1369 2852 1505 2889 instant
1533 2860 1661 2890 tamen
1691 2854 1930 2895 adversarii.
1979 2861 2112 2899 Annon
2143 2864 2305 2904 admissa

1191 2915 1315 2944 nostra
1345 2907 1576 2957 expositione
1605 2907 1695 2943 ordo
1724 2917 1778 2945 est
1805 2920 2083 2963 praeposterus,
2113 2930 2202 2954 cum
2225 2932 2307 2957 ver-

1190 2962 1259 2997 sic.
1295 2973 1353 2996 10.
1382 2960 1531 2996 dicatur
1558 2960 1604 2997 de
1633 2959 1761 2998 Verbo
1779 2993 1789 3010 ‚
1819 2966 1920 3016 qtiod
1950 2969 1991 3002 ἱη
2017 2968 2167 3007 mundo
2195 2981 2306 3022 erat,

1191 3014 1240 3053 &a
1271 3011 1441 3050 mundus
1468 3026 1537 3062 per
1566 3017 1693 3064 ipsum
1709 3013 1856 3066 factus
1886 3027 1974 3062 ωε,-
2003 3019 2037 3055 8:
2067 3032 2192 3073 postea
2221 3040 2308 3064 ver-

1192 3069 1259 3105 sic.
1287 3067 1345 3111 14.
1375 3064 1431 3102 Εε
1459 3065 1613 3105 verbum
1643 3080 1738 3105 caro
1755 3068 1925 3120 factum
1954 3072 2052 3110 est?
2080 3076 2228 3131 Nempe
2248 3081 2307 3119 di-

1192 3121 1353 3159 cendum
1384 3121 1478 3168 erit,
1510 3120 1683 3159 Verbum
1713 3123 1828 3161 fuisse
1847 3125 1886 3162 iu
1901 3127 2069 3178 mundo,
2099 3140 2305 3185 antequam

1191 3188 1343 3212 carnem
1373 3184 1603 3222 assumeret,
1647 3176 1768 3213 immo
1803 3187 2007 3231 antequam
2042 3186 2208 3224 mundus
2237 3189 2306 3226 fie-

1189 3238 1272 3266 ret.
1304 3228 1398 3266 Haec
1427 3236 1553 3266 antem
1582 3228 1750 3278 ordinis,
1781 3230 1814 3267 8t
1845 3245 1972 3272 rerum
1992 3236 2160 3276 inversio
2190 3240 2302 3278 facile

1192 3283 1378 3330 evitatur,
1407 3282 1437 3317 si
1468 3282 1621 3334 primo,
1653 3285 1806 3321 nomine
1836 3285 1957 3325 Verbi
1987 3291 2216 3342 intelligatur
2237 3293 2302 3328 ho-

1191 3349 1253 3376 mo
1272 3335 1467 3374 Christus:
1498 3336 1686 3386 secundO,
1716 3339 1747 3375 si
1776 3339 1947 3381 dicamus
1976 3342 2077 3382 hunc
2106 3334 2302 3384 hominem

1700 3403 1741 3428 11
