2577 3633
857 157 938 201 DE
971 155 1219 199 SYNODO
1252 153 1612 197 SARDICENSI
1629 182 1640 195 .

136 238 202 291 69.
233 237 344 289 Resp.
373 235 521 288 duplici
564 235 610 274 de
652 248 767 274 causa
809 237 923 276 fuisse
952 250 974 274 a
1003 235 1196 274 nonnullis

80 290 345 330 sardicensem
373 289 570 342 Synodum
601 289 833 342 appellatam
876 288 1164 328 occidentalem
1181 304 1196 334 ,-

79 346 208 396 primo
236 353 278 382 ut
305 343 600 394 distingueretur
620 358 642 381 a
661 342 1008 396 Philippopolitaua
1037 343 1197 394 pseudo-

80 398 234 448 Synodo
250 396 507 434 Orientalium
529 411 541 438 ‚·
570 397 737 435 secundo
755 398 847 449 quia
866 397 1025 435 Sardica
1055 396 1143 433 urbs
1160 410 1197 433 e-

80 458 137 487 rat
154 450 199 487 ad
219 452 426 503 imperium
442 450 676 488 occidentale
693 452 898 502 pertinens.
913 452 1091 488 Ceterum
1107 448 1198 487 clia-

78 505 290 542 racteribus
309 504 455 556 Synodi
481 505 731 543 oecumenicae
762 505 941 555 insignita
971 504 1070 548 fuit3
1106 516 1198 540 nam

77 556 120 595 S.
140 556 366 596 Athanasius
387 571 470 594 eam
491 567 600 595 vocat
620 571 820 610 magnam
842 556 1050 609 Synodion
1066 571 1082 601 ,-
1111 555 1199 594 Sul-

79 612 198 662 pitius
227 611 389 649 Severus
419 614 434 661 (
458 610 544 648 Lib.
567 611 613 648 H.
643 610 786 658 Hm.)
818 626 902 649 earn
932 623 976 648 ex
1005 619 1080 647 toto
1107 609 1200 647 orbe

77 674 325 702 convocatam
366 664 517 702 scribit:
561 664 729 716 Vigilius
759 665 964 716 Tapsensis
993 667 1007 715 (
1038 663 1126 701 Lib.
1151 662 1199 701 V.

81 716 195 755 Cont.
217 717 525 770 Etttyc²zelem)
557 727 736 767 testatur,
766 718 973 770 Episcopos
1003 730 1047 754 ex
1076 717 1202 753 omni-

75 768 148 808 bus
170 773 377 822 provinciis
399 771 598 810 sardicam
627 773 876 817 convenisse3
906 771 1076 808 Socrates
1097 773 1110 822 (
1135 770 1198 807 Li-

75 823 146 862 bro
180 825 229 862 Il.
261 824 367 862 Huc.
397 825 511 862 Eccl.
549 840 635 877 cap.
660 839 722 863 20.
753 827 768 874 )
797 824 866 862 hoc
895 825 1110 862 Concilium
1141 825 1199 861 di-

74 887 170 916 serte
201 888 240 916 ut
270 881 553 917 oecuinenicum
584 879 784 917 describit:
817 877 980 915 edicitur
999 908 1011 925 ‚
1044 878 1195 929 inquit,

78 931 296 970 Concilium
326 933 543 985 generale,
589 942 632 968 ut
660 944 800 968 omnes
828 930 1045 969 sardicam
1087 943 1194 967 corn-

73 995 209 1023 meent
230 1013 240 1024 .
285 986 516 1024 Justinianus
545 986 694 1022 tandem
730 985 941 1035 Imperator
983 985 1020 1021 in
1050 983 1195 1023 Edicto

61 1039 168 1091 fidei
198 1041 324 1093 ipsum
353 1042 639 1077 oecumenz‘cum
671 1047 804 1075 vocat.

134 1109 197 1145 70.
228 1094 373 1131 Verum
409 1106 483 1130 non
514 1104 559 1128 ex
608 1091 667 1128 his
708 1091 830 1129 solum
875 1091 1097 1129 nominibus
1127 1105 1193 1129 nos

67 1146 312 1199 colligimus,
355 1145 620 1183 sardicensem
650 1145 847 1196 Synodum
878 1146 993 1182 fuisse
1024 1159 1193 1182 oecume-

67 1202 230 1246 nicam3
261 1200 436 1238 novimus
466 1200 569 1236 enim
588 1229 598 1246 ,
627 1198 853 1236 observante
884 1198 1074 1246 Baronio,
1103 1197 1192 1236 alii—

68 1267 188 1306 sque,
221 1254 336 1291 etiam
356 1252 555 1300 concilia,
585 1266 674 1303 quae
705 1265 749 1289 ex
773 1251 952 1304 pluribus
982 1253 1191 1303 provinciis

68 1308 142 1346 sub
173 1319 249 1344 uno
279 1306 443 1344 Primate
473 1306 830 1356 congregabantur,
875 1303 1062 1357 appellari
1093 1308 1190 1344 anti-

69 1362 199 1413 quitus
228 1361 463 1398 consuevisse
491 1360 729 1411 generalia,
761 1372 918 1411 magna
936 1389 946 1407 ,
976 1359 1026 1398 Θ
1054 1359 1191 1409 plena·

69 1417 134 1450 ria.
157 1440 167 1450 .
194 1414 270 1451 Sed
299 1415 423 1465 potius
452 1413 674 1451 Sardicense
694 1413 912 1450 Concilium
943 1413 1107 1451 dicimus
1138 1428 1192 1451 α-

67 1469 315 1505 cumenicum
333 1497 344 1515 ,
374 1467 474 1519 quod
502 1467 622 1518 probe
651 1468 816 1505 sciamus
834 1495 844 1514 ,
875 1467 989 1504 fuisse
1018 1467 1065 1504 ad
1095 1465 1193 1504 illud

67 1519 278 1572 Episcopos
309 1522 419 1557 totius
455 1520 559 1558 orbis
586 1520 795 1559 Christiani
824 1521 1029 1568 invitatos,
1077 1530 1192 1573 atque

70 1574 118 1612 ad
148 1575 275 1626 ipsum
308 1573 493 1626 plurimos
523 1588 566 1610 ex
597 1574 754 1622 inultis,
799 1575 991 1625 variisque
1020 1588 1108 1611 curn
1139 1575 1191 1612 O-

66 1628 200 1666 rientis
217 1658 227 1676 ,
249 1637 331 1665 tum
352 1627 570 1665 Occidentis
590 1629 800 1678 provinciis
821 1629 1038 1665 convenisse
1055 1654 1066 1666 .
1088 1627 1192 1667 Tan-

70 1681 158 1719 dem
190 1695 237 1718 ex
255 1695 326 1728 eo,
357 1681 458 1732 quod
488 1681 686 1719 communi
717 1683 828 1719 totius
848 1681 1034 1719 Ecclesiae
1064 1681 1192 1719 catho-

66 1733 155 1771 licae
187 1747 370 1772 consensu
414 1733 639 1772 confirmata
681 1735 821 1774 fuerint
852 1734 1088 1774 Sardicensis
1116 1735 1191 1788 Sy-

67 1788 158 1826 nodi
189 1789 339 1826 decreta
356 1814 367 1825 .

124 1854 188 1890 71·
218 1841 311 1892 Obj.
342 1842 479 1880 tertio.
509 1842 549 1880 S.
571 1842 779 1894 Gregorius
799 1841 964 1892 Magnus
994 1843 1009 1890 (
1032 1841 1119 1879 Lib.
1142 1842 1190 1879 Π.

67 1895 179 1946 epist.
207 1909 266 1933 10.
291 1897 334 1944 ),
365 1896 528 1934 isidorus
559 1895 795 1948 Hispalensis
825 1900 840 1946 (
871 1895 960 1933 Lib.
991 1894 1039 1931 (le
1067 1903 1190 1944 temp.

65 1961 153 2001 cap.
171 1948 237 1987 65.
270 1951 307 1998 ),
338 1948 504 1988 Zonaras
534 1953 548 2001 (
578 1951 624 1986 de
657 1948 778 1987 Conc.
798 1948 1136 1998 Constantinopol.
1159 1949 1188 1985 Ι.

64 2015 152 2054 cap.
179 2003 214 2040 5.
247 2002 288 2050 ),
333 2003 642 2055 Harmenopolus
673 2005 687 2053 (
720 2003 758 2040 in
800 2001 930 2053 Epist.
964 2001 1113 2039 Concil.
1144 2002 1187 2050 )‚

64 2054 100 2091 8(
130 2056 301 2094 nonnulli
333 2057 400 2094 alii
445 2058 661 2110 posteriores
691 2057 821 2094 Graeci
869 2055 938 2093 lioc
968 2055 1188 2093 Concilium

63 2108 290 2147 Sardicense
319 2112 482 2148 minime
513 2121 710 2148 numerant
740 2112 781 2148 in
806 2109 991 2147 Com-iliis
1029 2121 1188 2159 genera-

64 2160 197 2200 libus.
241 2164 339 2201 Hinc
369 2166 483 2201 etiam
515 2174 592 2210 est,
636 2163 737 2215 qnod
765 2163 1021 2198 communiter
1049 2161 1188 2198 Conci-

64 2212 163 2251 lium
193 2215 655 2267 Constantiuopolitanum
676 2216 706 2250 I.
738 2213 898 2251 habetur
928 2227 997 2264 pro
1024 2213 1189 2251 secundo

63 2267 237 2305 Concilio
268 2270 534 2313 oecumenico3
571 2280 648 2318 quo
676 2268 762 2304 satis
790 2267 1026 2315 ostenditur,
1056 2266 1188 2303 Sardi-

65 2335 175 2359 cense
218 2335 296 2359 esse
325 2336 346 2359 a
376 2334 533 2358 numero
560 2319 825 2358 Conciliorum
857 2320 1187 2358 oecumenicorum

62 2375 362 2427 expungendum
381 2402 390 2411 .
421 2375 591 2413 Demuin
608 2375 708 2426 apud
731 2375 961 2412 Gratianum
982 2374 1010 2411 I.
1033 2372 1073 2411 P.
1104 2371 1187 2410 De-

63 2432 161 2466 crecz'
192 2429 287 2467 Dist.
316 2427 425 2467 XVI.
456 2443 490 2467 c.
518 2442 577 2466 ii.
620 2428 855 2466 Sardicensis
883 2427 1060 2479 Synodus
1089 2427 1186 2464 inter

62 2483 227 2534 synodos
257 2482 505 2534 particulares
536 2493 748 2520 recensetur
770 2508 780 2520 .

126 2549 190 2587 72.
222 2534 333 2588 Res-p.
366 2536 565 2588 Quidquid
609 2536 653 2573 sit
682 2536 727 2572 de
770 2533 1045 2572 nonnullorum
1075 2534 1187 2573 Grae-

61 2601 194 2628 corum
215 2590 396 2642 opinione
413 2620 423 2637 ‚
453 2588 671 2627 Concilium
694 2589 764 2626 hoc
785 2603 861 2626 esse
878 2589 1185 2636 oecumeuicum,

61 2644 151 2680 satis
179 2656 224 2680 ex
255 2644 365 2681 dictis
394 2653 559 2682 constat.
599 2642 857 2680 Verisimilior
886 2653 1013 2679 autem
1044 2656 1184 2690 causa,

63 2695 114 2733 oh
135 2710 252 2748 quain
282 2696 332 2735 ab
353 2698 549 2750 aliquibus
582 2699 674 2734 inter
695 2695 868 2734 Concilia
897 2694 1090 2747 generalia
1112 2697 1184 2733 iui-

64 2750 169 2787 nime
201 2760 465 2797 recenseatur,
499 2750 580 2788 liaec
610 2765 687 2788 esse
716 2750 908 2797 creditur,
938 2750 1038 2801 quod
1069 2749 1186 2787 veluti

65 2804 257 2856 appendix
288 2804 453 2842 Concilii
484 2805 634 2842 Nicaeni
665 2803 895 2847 liaberetur3
939 2812 1065 2855 utpote
1094 2805 1187 2856 quia

64 2856 163 2894 nihil
195 2860 280 2896 novi
328 2860 431 2896 circa
462 2858 577 2896 fidem
609 2860 647 2896 in
676 2870 720 2894 eo
761 2857 963 2894 definitum
1007 2858 1079 2905 sit,
1123 2857 1187 2894 sed

68 2909 264 2950 dumtaxat
291 2911 569 2964 Episcoporum
600 2925 726 2949 causae
769 2911 970 2958 discussae,
1014 2909 1048 2946 &
1076 2924 1188 2948 cano-

66 2974 134 2999 nes
163 2965 318 3014 quidam
349 2966 395 3004 de
424 2967 676 3003 ecclesiastica
705 2964 908 3016 disciplina
936 2965 1068 3002 sanciti
1090 2965 1153 3015 (a.)
1173 2989 1184 3002 .

127 3015 191 3066 73.
222 3016 489 3057 'I'illemontius
527 3020 645 3057 aliam
676 3019 791 3056 etiam
833 3017 942 3055 affert
984 3017 1099 3069 liujus
1128 3018 1184 3055 rei

69 3083 224 3106 causant
243 3100 254 3117 ,
291 3074 391 3122 quod
421 3074 572 3112 Arianis
600 3073 731 3111 omnia
761 3071 1005 3110 turbantibus
1035 3074 1074 3109 in
1104 3086 1186 3108 am-

71 3123 189 3175 biguo
217 3123 311 3161 oliui
340 3127 504 3176 positum
533 3128 674 3177 fuerit,
706 3134 835 3165 utrum
872 3125 943 3165 hoc
969 3124 1187 3164 Concilium

119 3311 167 3345 (ω
199 3305 315 3338 Graecf
343 3317 398 3339 eos
425 3317 609 3342 numerant
628 3322 682 3344 20.
701 3332 712 3351 ,
750 3309 866 3343 Latini
895 3321 978 3344 vero
998 3319 1052 3343 21.
1070 3330 1080 3349 ,
1105 3307 1188 3352 qnia

72 3354 221 3385 tertium
251 3365 415 3386 canonem
444 3354 476 3385 in
495 3353 580 3387 duas
607 3367 721 3399 partes
740 3355 902 3390 dividunt
917 3377 928 3397 ,
953 3367 1104 3400 quarum
1119 3355 1191 3399 pri-

74 3409 132 3434 mo.
155 3399 316 3446 prohibet
341 3400 525 3446 Episcopis
550 3401 587 3434 in
611 3401 759 3438 alienam
777 3403 995 3449 provinciam
1012 3402 1164 3448 migrare
1180 3422 1192 3442 ,

2251 155 2332 196 155

1264 235 1304 272 in
1336 235 1584 272 oecumenicis
1627 232 1910 271 numerandum
1941 239 2058 278 esset3
2099 244 2227 282 neque
2255 231 2381 269 statim

1263 288 1442 325 omuibus
1479 287 1627 338 liquido
1668 287 1902 332 constiterit,
1946 286 2043 324 hanc
2073 285 2273 341 Synodum
2304 299 2382 322 esse

1266 342 1543 378 oecmnenicam
1563 371 1572 388 ,
1602 340 1674 377 nisi
1704 338 1848 376 saeculo
1868 338 1934 376 Vi.
1953 368 1962 386 ‚
1993 352 2069 390 quo
2102 352 2180 389 jam
2210 337 2383 376 Concilia.

1265 393 1453 443 generalia
1482 393 1677 430 numerari
1708 401 1928 443 coeperant,
1966 392 2110 428 scilicet
2140 400 2219 443 post
2247 392 2384 428 Conci-

1266 445 1363 482 lium
1385 446 1713 493 Clialcedonense,
1743 445 1845 498 quod
1873 446 2069 482 communi
2098 444 2176 494 jam
2206 445 2382 482 omnium

1267 511 1448 536 consensu
1480 509 1656 552 quartum
1688 498 1983 544 nominabatur,
2027 497 2060 532 &
2088 506 2249 549 quatuor
2280 498 2382 548 prio·

1267 564 1310 588 ra
1337 552 1511 590 Concilia
1540 562 1721 605 tanquam
1750 561 1912 605 quatuor
1932 550 2144 601 Evangelia
2172 564 2193 586 a
2221 549 2382 588 catholi-

1267 606 1322 642 cis
1351 605 1633 657 recipiebantur
1651 633 1660 643 .
1691 605 1748 643 Ne
1778 608 1906 656 itaque
1934 603 1999 641 liic
2027 604 2119 641 ordo
2147 601 2226 653 jam
2246 605 2381 641 consti-

1266 667 1366 695 tutus
1387 658 1599 696 turbaretur
1616 690 1626 706 ,
1642 657 2100 710 Constantinopolitanum
2118 665 2246 694 contra
2261 655 2380 693 Pneu-

1270 711 1527 749 matomaclios
1557 713 1700 749 dictum
1731 722 1783 750 est
1825 711 2033 749 secundum
2062 708 2264 761 generale,
2309 719 2381 746 ter=

1266 765 1362 801 tium
1394 764 1632 815 Epliesinuni
1650 795 1660 813 ‚
1689 774 1870 818 quartum
1900 778 1991 803 vero
2018 763 2324 802 Clialcedonense
2341 787 2352 800 .

1322 818 1384 869 74.
1415 819 1613 864 Quantum
1661 818 1707 855 ad
1737 819 1912 856 Gratiani
1949 816 2168 855 Decretum
2209 824 2378 868 spectat,

1265 872 1349 910 dico
1377 871 1531 909 nullum
1553 870 1651 908 illud
1672 870 1810 909 habere
1840 872 2072 910 auctoritatis
2086 871 2232 923 pondus
2249 900 2260 919 ‚
2288 884 2380 908 cuin

1265 926 1304 962 in
1335 926 1468 976 paucis
1497 924 1621 962 verbis
1650 925 1769 962 multa
1790 935 1945 976 peccet.
1977 924 2104 962 Primo
2133 927 2233 962 enim
2263 924 2378 970 dicit,

1264 978 1330 1017 60.
1359 978 1565 1031 Episcopos
1596 977 1684 1015 liuic
1713 978 1887 1016 Concilio
1917 979 2127 1016 interfuisse
2149 1005 2160 1016 .
2203 977 2379 1015 Secundo

1261 1033 1462 1070 Canonum
1510 1041 1678 1069 auctores
1725 1031 1840 1068 fuisse
1882 1032 2016 1070 osium
2060 1031 2344 1069 Cordubensem
2367 1059 2378 1078 ,

1262 1085 1512 1124 Vincentium
1534 1086 1762 1138 Capuanum
1778 1084 2013 1136 Episcopum
2031 1116 2040 1132 ‚
2067 1085 2290 1122 ,ianuarium
2309 1083 2379 1120 Be·-

1261 1148 1511 1178 neventanum
1530 1170 1540 1188 ,
1571 1140 1605 1176 8<
1625 1138 1877 1190 Calepodium
1894 1138 2189 1189 'Neapolitanum
2205 1138 2244 1176 S.
2268 1136 2378 1174 Rom.

1260 1192 1444 1232 Ecclesiae
1476 1193 1653 1244 Legatos:
1695 1206 1784 1230 cum
1814 1200 1948 1229 tamen>
1982 1201 2126 1228 certum
2170 1193 2240 1238 sit,
2285 1191 2378 1240 Epi-

1259 1260 1390 1299 scopos
1407 1246 1525 1285 multo
1546 1247 1672 1298 plures
1690 1246 1804 1282 fuisse
1821 1275 1831 1293 ‚
1862 1244 1895 1281 &
1927 1245 2082 1282 nomine
2100 1244 2259 1281 Romani
2281 1242 2379 1280 Pou-²

1258 1301 1373 1340 tificis
1390 1302 1588 1352 praefuisse
1608 1299 1860 1338 Philoxenum
1874 1328 1884 1347 ,
1915 1298 1951 1334 δε
1968 1297 2247 1336 Archidamum
2264 1295 2375 1333 Rom.

1258 1354 1443 1392 Ecclesiae
1476 1354 1744 1406 Presbyteros.

1317 1409 1381 1458 75.
1412 1406 1505 1459 Obj.
1535 1408 1603 1445 ult.
1646 1406 1791 1460 Synodi
1822 1405 1934 1457 hujus
1962 1406 2129 1444 Canones
2165 1418 2241 1444 non
2272 1404 2379 1441 fuere

1261 1460 1407 1514 ubique
1436 1462 1604 1513 recepti,
1646 1461 1739 1513 quin
1769 1461 1881 1497 etiam
1913 1459 2088 1506 alicubi,
2133 1468 2172 1496 ut
2201 1460 2241 1495 in
2272 1457 2377 1494 Afri-

1261 1528 1304 1552 ca
1322 1546 1331 1563 ,
1364 1517 1549 1566 ignorati:
1578 1527 1653 1552 non
1672 1515 1796 1566 itaque
1818 1512 2028 1550 habebatur
2050 1521 2086 1549 ut
2109 1512 2348 1550 oecumeuica
2366 1536 2377 1547 .

1318 1569 1380 1619 76.
1413 1568 1524 1619 Resp.
1553 1569 1692 1605 omisso
1708 1577 1828 1607 antec.
1859 1581 1942 1618 neg.
1959 1579 2140 1618 conseq.;
2169 1564 2203 1601 &
2225 1579 2269 1601 ne
2291 1577 2377 1616 pro-

1260 1621 1379 1660 lixam
1410 1624 1549 1668 niinis,
1580 1621 1613 1656 8(
1642 1619 1841 1658 difficilem
1873 1622 2165 1658 controversiain
2196 1619 2387 1655 dirimere-

1263 1689 1470 1727 cogamur,
1501 1676 1550 1713 ab
1579 1674 1800 1726 hujusmodi
1819 1674 2022 1711 Canontun
2051 1673 2266 1724 receptione
2296 1684 2376 1708 mo-

1260 1729 1308 1766 do
1339 1729 1654 1780 praescindimus.
1697 1729 1795 1765 Cum
1825 1728 1928 1765 enim
1958 1726 2021 1764 illi
2047 1727 2215 1763 Canones
2244 1725 2290 1762 ad
2319 1724 2378 1761 di=

1260 1781 1464 1833 sciplinam
1509 1781 1771 1819 tantummodo
1799 1788 2034 1830 spectarent,
2082 1793 2170 1830 quas
2201 1778 2306 1815 varia
2335 1778 2377 1815 in

1259 1835 1417 1872 diversis
1447 1834 1564 1880 locis,
1596 1833 1628 1869 8<
1658 1834 1894 1883 temporibus
1922 1832 2027 1869 salva
2047 1831 2137 1868 fidei
2168 1832 2377 1880 integritate

1260 1901 1336 1925 esse
1359 1897 1500 1939 potest,
1531 1888 1694 1923 minime
1725 1885 1962 1933 efficeretur,
1992 1883 2216 1922 Concilium
2244 1883 2375 1921 Sardi-

1257 1955 1368 1979 ceuse
1396 1954 1470 1977 non
1500 1941 1615 1978 fuisse
1654 1940 1966 1987 oecumenicum,
2015 1939 2165 1975 etiamsi
2194 1936 2276 1987 ejus
2305 1937 2377 1974 Ca-

1256 2008 1373 2032 noues
1404 1996 1557 2031 fuissent
1588 1995 1776 2044 ignorati,
1820 2002 1884 2031 aut
1912 2005 1987 2030 non
2017 1992 2162 2042 ubique
2200 1992 2341 2042 recepti
2364 2016 2376 2028 .

1256 2048 1508 2086 Doctissimus
1536 2047 1650 2084 card.
1687 2045 1859 2083 Norisius
1889 2049 1903 2095 (
1934 2047 1966 2082 l.
1996 2044 2038 2082 P.
2066 2043 2174 2082 Ηίεῑ.
2205 2044 2378 2081 Donati-

1255 2111 1411 2137 starum
1442 2114 1528 2152 cap.
1555 2113 1615 2136 10.
1641 2099 1654 2146 )
1687 2099 1868 2136 rationein
1901 2098 2046 2145 reddit,
2075 2098 2125 2134 ob
2154 2111 2272 2148 quain
2295 2106 2376 2148 post

1256 2154 1473 2191 Concilium
1504 2152 1706 2190 Nicaenum
1737 2152 1815 2188 sine
1843 2151 1964 2189 dubio
1993 2148 2276 2188 oecunienicum
2295 2180 2304 2198 ,
2334 2165 2376 2187 a·

1255 2205 1354 2259 liqui
1385 2206 1508 2244 adhuc
1538 2206 1846 2258 anabaptismum
1884 2205 2149 2250 admitterent5
2191 2205 2285 2255 quia
2314 2204 2384 2240 ni·-

1255 2263 1400 2298 mirum
1430 2260 1648 2313 putabant,
1679 2259 1750 2296 hoc
1779 2260 1895 2296 fuisse
1923 2267 2126 2303 statutum,
2155 2269 2231 2294 non
2262 2266 2375 2294 utre-

1255 2314 1385 2366 gulam
1407 2314 1618 2365 dogmatis,
1648 2313 1710 2350 sed
1741 2322 1778 2350 ut
1801 2310 1949 2350 morum
1980 2310 2222 2362 disciplinam
2245 2340 2255 2357 ,
2285 2324 2374 2362 quae

1255 2370 1364 2406 varia
1384 2382 1452 2419 pro
1481 2378 1696 2419 temporum
1718 2395 1729 2413 ,
1758 2365 2008 2417 locorumque
2028 2365 2171 2402 ratione
2201 2377 2278 2400 esse
2294 2373 2375 2415 pot·

1256 2431 1334 2459 est.
1364 2421 1609 2460 Sardicenses·
1630 2429 1754 2457 tamen
1769 2420 1934 2457 Canones
1950 2420 2065 2457 fuisse
2086 2418 2230 2468 ubique
2260 2420 2374 2456 etiarn

1254 2477 1295 2514 in
1326 2474 1497 2514 Ecclesia
1525 2488 1652 2527 graeca
1683 2483 1850 2524 receptos
1869 2502 1878 2519 ,
1918 2472 2079 2523 probant
2107 2470 2255 2511 Natalis
2285 2471 2375 2509 Ale-

1255 2530 1400 2568 xander
1430 2529 1531 2567 Diss.
1553 2526 1722 2566 XXVII.
1767 2528 1806 2564 in
1836 2525 2034 2563 Saeculum
2052 2524 2120 2563 IV.
2152 2533 2222 2562 art.
2244 2523 2308 2571 4.,
2340 2524 2375 2561 &

1253 2583 1367 2621 Card.
1399 2582 1461 2620 Du
1492 2582 1693 2619 Petronius
1722 2581 1763 2617 in
1794 2578 1960 2630 Replica
1988 2578 2043 2617 ad
2081 2591 2266 2628 respons..
2288 2577 2376 2616 Bri·

1255 2640 1410 2676 tanniae
1441 2636 1559 2687 Regis
1589 2650 1673 2685 cap.
1697 2633 1761 2672 55.

1311 2705 1374 2742 77.
1405 2690 1564 2735 Quaeres
1586 2690 1710 2741 primo
1725 2717 1735 2735 ,
1765 2701 1792 2724 α
1812 2700 1988 2738 quonam
2010 2684 2371 2737 convocatumfue-

1254 2750 1304 2783 rit
1338 2743 1556 2781 Concilium
1585 2741 1851 2789 Surdicense,
1895 2742 1944 2781 <9⁴
1973 2744 2140 2792 quinam
2181 2740 2236 2776 illi
2270 2751 2373 2790 prae-

1243 2796 1444 2852 fuerint?

1313 2853 1376 2904 78.
1407 2850 1548 2889 Primae
1578 2848 1801 2902 quaestionis
1843 2850 1942 2900 parti
1973 2862 2072 2900 resp.
2103 2855 2205 2884 certo
2233 2845 2373 2884 certius

1256 2908 1371 2944 fuisse
1417 2912 1666 2942 convocatum
1697 2918 1718 2940 a
1747 2902 1896 2940 duobus
1938 2902 2115 2953 Augustis
2143 2901 2372 2947 Constante,

1252 2961 1285 2996 &
1300 2960 1516 2998 Constantio
1533 2988 1543 3005 ,
1573 2958 1674 3009 quod
1696 2956 1823 2993 multis
1853 2966 2024 2994 veterum
2042 2955 2262 2992 testimoniis
2284 2965 2371 3005 pro-

1253 3014 1317 3052 bat
1336 3010 1716 3052 Natalis-Alexander
1738 3010 1895 3046 Dissert.
1919 3022 2041 3059 supra
2070 3007 2175 3046 laud.
2204 3016 2274 3044 art.
2291 3006 2370 3057 pri-

1254 3081 1343 3114 m03
1388 3080 1457 3104 non
1487 3075 1611 3103 tamen
1642 3063 1788 3110 inscio,
1831 3063 1892 3100 sed
1924 3063 2045 3114 potius
2074 3070 2227 3099 curante
2257 3058 2368 3098 Rom.

1254 3120 1439 3160 Pontifice
1454 3119 1558 3158 Julio
1576 3145 1586 3157 .
1615 3118 1716 3156 Cum
1744 3117 1846 3154 euim
1876 3117 1956 3169 ipse
1977 3114 2086 3154 Rom.
2109 3114 2280 3153 Pontifex
2300 3127 2367 3151 an-

2261 3179 2312 3205 no

1259 3306 1367 3339 altera
1395 3310 1510 3335 autem
1536 3299 1592 3345 jus
1619 3297 1815 3344 appellandi
1843 3296 1884 3331 ad
1904 3298 1946 3330 R.
1973 3297 2036 3336 P.,
2060 3293 2239 3340 Episcopis
2265 3302 2366 3323 accu-

1259 3352 1345 3385 satis
1372 3350 1406 3382 in
1435 3349 1552 3392 aliquo
1577 3347 1735 3381 Concilio
1762 3345 1974 3384 confirmat,
2000 3337 2290 3386 quemadmodum
2315 3338 2364 3370 fe-

1261 3405 1382 3435 cerant
1409 3403 1511 3430 antea
1537 3395 1571 3428 S.
1597 3392 1836 3436 Athanasius,
1860 3390 2076 3429 Marcellus,
2101 3386 2249 3431 aliique.
