2577 3633
838 112 921 157 DE
954 111 1095 156 MUN
1096 110 1158 156 DI
1190 108 1620 155 PERFECTIONE
1634 138 1648 150 .

104 192 197 233 nico
224 200 312 233 actu
339 191 536 241 intuetur,
582 191 647 230 sed
675 190 758 243 ejus
786 194 952 245 cognitio
994 193 1105 231 finita
1133 205 1224 231 non-

105 259 324 299 numquam
353 255 538 297 augetur3
566 244 599 281 ἃ
628 258 705 298 quo
733 245 819 298 plus
847 255 1033 299 augetur,
1062 245 1225 284 meliora

103 299 292 340 voluntati
322 300 527 352 proponit.
563 298 638 338 Sed
668 299 882 338 intellectus
911 301 1066 338 divinus
1093 301 1223 337 omnia

106 352 309 405 possibilia
337 355 451 391 unico
477 352 613 390 obtutu
654 353 927 404 perfectissime
973 352 1225 405 comprehen-

103 407 186 451 dit3
233 419 309 444 nou
338 415 465 444 tamen
492 407 625 444 omnia
653 405 838 445 voluntati
882 407 1058 445 facienda
1086 418 1225 459 propo-

102 459 187 507 nit,
218 459 321 512 quod
350 457 588 511 impossibile
615 469 695 506 est3
725 460 790 498 sed
817 475 861 498 ea
880 461 1103 508 dumtaxat,
1132 472 1221 512 quae

103 525 177 564 pro
205 527 272 550 sua
303 512 455 550 infinita
475 512 649 551 libertate
664 543 676 561 ,
706 513 740 550 81
760 515 947 566 sapientia
968 513 1140 552 facienda
1160 512 1222 564 ju·-

105 565 235 611 dicat3
264 579 356 604 cum
385 567 499 618 possit
528 580 678 619 semper
706 567 783 605 alia
801 597 811 615 ,
853 577 967 620 atque
996 567 1099 616 alia,
1141 580 1222 606 ma-

101 618 186 670 gis,
216 633 260 656 ac
291 621 413 671 magis
441 620 608 671 perfecta
637 633 848 672 proponere
876 621 918 658 iu
947 621 1168 659 infinitum.

162 671 250 710 152.
280 672 345 710 Sic
375 673 518 722 etiam,
547 687 784 726 quamquam
815 673 929 713 homo
957 676 995 712 in
1025 675 1104 711 suis
1130 686 1219 725 ope·

102 724 212 763 ribus
242 725 477 774 delectetur,
524 740 646 780 eoque
676 727 798 774 major
828 729 868 765 in
911 729 993 779 ipso
1037 729 1220 765 excitetur

101 776 329 828 delectatio,
371 792 448 832 quo
475 792 590 832 opera
621 782 703 833 ipsa
733 775 960 832 perfectiora
988 790 1099 828 sunt,
1142 793 1221 819 non

99 838 232 870 tamen
259 833 348 871 iude
376 834 467 872 licet
496 834 668 882 inferre,
710 835 749 872 id
778 835 905 886 ipsum
935 836 1150 885 contingere
1180 834 1219 872 in

99 883 208 933 Deo,
239 894 278 924 ut
308 886 468 938 proinde
486 886 622 925 debeat
637 901 786 939 semper
801 887 900 924 illud
914 890 1088 940 operari,
1118 887 1220 939 quod

98 939 310 991 perfectius
337 949 418 988 est,
461 953 538 992 quo
567 940 754 992 majorem
792 942 920 992 capiat
950 955 995 978 ex
1025 942 1102 978 suis
1129 954 1218 991 ope-

97 991 208 1030 ribus
237 992 542 1044 jucunditatem.
571 994 676 1042 Non,
706 995 866 1044 iuquam
884 1023 894 1041 ,
925 994 963 1030 id
993 993 1082 1031 licet
1103 994 1221 1031 iufer-

97 1057 164 1084 re:
212 1046 316 1084 Deus
346 1048 450 1084 enim
481 1060 527 1084 ex
557 1048 680 1097 seipso
709 1046 950 1083 beatissimus
979 1056 1058 1094 est,
1095 1060 1227 1099 neque>

97 1111 145 1136 ex
176 1098 293 1137 rebus
319 1102 456 1137 creatis
484 1098 615 1150 aliqua
646 1099 678 1134 ei
701 1098 784 1135 fieri
802 1107 919 1150 potest
942 1098 1134 1137 felicitatis
1155 1114 1220 1137 ac-

97 1153 245 1198 cessio3
277 1160 316 1189 ut
345 1151 507 1204 proinde
535 1160 732 1189 moveatur
761 1152 809 1188 ad
839 1153 1121 1203 praeferendum
1153 1167 1218 1202 ea,

97 1217 188 1257 quae
219 1206 260 1242 in
289 1219 328 1241 se
357 1204 544 1255 majorem
576 1205 750 1243 videntur
788 1207 983 1244 continere
1020 1207 1218 1258 perfectio-

95 1268 217 1306 nem,
250 1271 322 1295 nec
351 1259 466 1309 possit
496 1272 634 1310 aeque,
664 1267 728 1296 aut
757 1260 886 1296 minus
907 1260 1074 1311 perfecta
1104 1258 1219 1311 elige-

95 1322 139 1349 re
157 1341 168 1359 ,
198 1310 232 1347 St
262 1320 425 1363 nequeat
455 1325 604 1363 semper
634 1313 755 1361 magis
785 1313 952 1364 perfecta
980 1314 1219 1365 omnipoten-

94 1365 151 1402 tia
180 1378 247 1402 sua
277 1378 434 1402 creare.
482 1364 651 1402 Bonitas
680 1364 812 1403 divina
831 1395 841 1413 ‚
885 1367 1013 1419 inquit
1041 1367 1083 1404 S.
1113 1366 1218 1404 'Pho-

96 1431 183 1456 mas
212 1418 302 1456 Lib.
332 1417 359 1455 l.
395 1418 510 1456 Cont.
544 1417 663 1455 Gent.
694 1433 778 1471 cap.
801 1418 867 1458 86.
885 1450 897 1468 ,
926 1432 1053 1471 neque
1073 1419 1217 1470 depen-

97 1469 164 1509 det
193 1484 221 1508 a
250 1470 491 1522 perfectione
520 1475 710 1520 universi,
747 1486 874 1524 neque
904 1486 958 1510 ex
986 1486 1037 1511 ea
1067 1473 1218 1525 aliquid

97 1523 170 1562 sibi
199 1529 419 1563 accrescit.
452 1525 498 1563 Et
527 1525 566 1563 S.
597 1526 830 1577 Augustinus
859 1527 948 1565 Lib.
966 1526 1038 1565 XI.
1067 1526 1132 1565 De
1155 1526 1216 1565 Ci-

99 1581 164 1618 yit.
193 1576 271 1615 Det
300 1593 386 1630 cap.
405 1591 468 1617 21.
486 1609 497 1626 ‚
526 1593 618 1617 cum
647 1581 792 1617 dictum
815 1578 978 1619 Platonis
1005 1580 1217 1630 retulisset,

98 1629 270 1668 Elatum
286 1630 424 1683 fuisse
450 1631 582 1670 Deum
613 1632 786 1684 gaudeo,
817 1633 955 1671 mundi
984 1638 1218 1673 universita-

97 1692 136 1722 te
165 1684 373 1737 perfecta,
403 1686 554 1724 subdit:
585 1685 679 1724 Non
709 1700 830 1738 usque
858 1686 961 1725 adeo
981 1687 1217 1740 desipiebat,

95 1747 138 1776 ut
179 1748 337 1786 putaret
365 1738 528 1788 Deum,
576 1744 635 1777 sui
677 1745 805 1790 operis
843 1746 1016 1780 novitate
1046 1741 1217 1794 factum

98 1789 345 1830 beatiorem:
376 1792 446 1831 secl
473 1797 529 1830 sic
558 1793 766 1832 ostendere
794 1795 910 1833 voluit
927 1826 937 1844 ,
966 1795 1118 1849 artifici
1145 1808 1217 1833 suo

96 1845 295 1897 placuisse
318 1848 413 1899 jam
429 1845 627 1900 factum,
669 1847 772 1900 quod
799 1849 1012 1900 placuerat
1054 1853 1096 1886 in
1125 1857 1217 1887 arte

86 1898 335 1950 faciendum
354 1927 366 1938 .
904 1942 906 1945 ,

157 1952 246 1991 135.
275 1952 348 1991 Sed
377 1954 408 1991 si
429 1953 651 2006 exemplum
668 1953 875 1992 hominum.
887 1955 1113 1992 adversariis
1134 1952 1217 2006 pla-

95 2013 152 2041 eet
169 2034 180 2052 ,
210 2007 449 2046 considerent
477 2008 659 2057 opificem
690 2009 728 2044 iu
757 2020 824 2046 sua
845 2017 924 2045 arte
945 2006 1216 2045 excellentem:

99 2071 198 2096 aune
227 2072 316 2100 eum
343 2069 546 2112 propterea
587 2060 812 2099 adstrictum
841 2060 970 2102 dicent
1010 2060 1060 2099 ad
1086 2072 1182 2111 opus
1202 2088 1214 2109 9

2262 113 2354 155 ωδ,

1292 190 1418 243 quoad
1448 199 1594 242 potest,
1625 187 1944 241 perfectissimum
1975 187 2284 229 elaborandum?
2328 190 2405 228 An-

1292 257 1365 282 non
1395 253 1511 296 potest
1541 256 1609 295 pro
1638 257 1704 280 sua
1746 241 1918 280 libertate
1947 245 2061 281 etiam
2110 246 2247 283 minus·
2282 245 2408 296 perfe-

1291 306 1395 334 ctum
1424 294 1633 335 conficere?
1663 298 1803 334 Annon
1829 299 1924 335 ratio
1951 296 2083 349 aliqua
2099 306 2214 349 potest
2236 296 2297 336 illi
2319 299 2409 338 sub-

1293 364 1369 388 esse
1386 380 1397 399 ,
1427 360 1466 387 ut
1494 364 1588 402 opus
1618 363 1729 387 suum
1750 351 1871 401 magis
1886 364 2035 403 semper
2051 364 2094 389 ac
2112 353 2257 403 magis,
2287 367 2410 405 quau-

1290 413 1375 440 tum
1403 413 1544 456 potest,
1574 402 1776 455 perficiat?
1808 406 1943 442 Annon
1973 404 2085 456 plura
2115 403 2287 455 ejusdem
2320 421 2411 458 per-

1292 458 1466 495 fectionis
1493 470 1609 509 opera
1637 456 1787 495 efficere
1818 457 1981 510 poterit&>
2025 457 2152 496 Eccur
2181 461 2297 509 igitur
2340 472 2420 511 pro-

1291 523 1358 547 suo
1387 510 1572 551 arbitratu
1602 511 1703 548 idem
1738 523 1814 549 nou
1853 513 1989 563 poterit
2018 511 2152 560 Deus,
2199 511 2312 564 cujus
2350 527 2407 551 sa-

1291 564 1434 615 pientia
1464 573 1515 601 est
1546 563 1720 611 infinita,
1763 563 1797 600 ὃς
1825 564 1937 616 cujus
1967 566 2134 616 potentia
2175 567 2310 618 nequit
2340 580 2406 604 ex-

1289 614 1469 654 hauriri?
1512 616 1593 655 Hoc
1624 627 1750 655 tamen
1783 620 1878 655 iuter
1905 617 2157 656 excellentem
2186 619 2375 657 artificem
2394 651 2405 670 ,

1289 669 1324 706 ἃ
1345 669 1471 707 Deum
1503 679 1553 707 est
1582 671 1788 708 discrimen
1806 701 1816 718 ,
1846 672 1953 722 quod
1979 671 2046 709 ille
2077 680 2157 709 utut
2188 675 2226 710 iu
2256 687 2322 710 sua
2342 687 2404 711 ar-

1287 733 1323 762 te
1353 721 1712 772 excellentissimus,
1760 724 1915 762 finitam.
1943 724 2054 762 habet
2084 727 2321 777 potentiam,
2365 735 2405 766 ut

1288 777 1445 829 proinde
1475 790 1562 815 vere
1591 777 1669 815 dici
1713 777 1928 829 aliquando.
1958 780 2099 831 possit,
2147 792 2245 832 opus
2271 780 2404 819 fecisse

1287 831 1489 878 omnium,
1517 843 1606 881 quae
1638 831 1762 868 facere
1794 839 1939 882 potest,
1984 833 2335 884 perfectissi1num5
2365 833 2404 872 id

1287 892 1415 922 autem
1444 883 1521 921 dici
1550 884 1596 921 de
1626 884 1708 921 Deo
1748 883 1966 923 nullatenus
2007 886 2150 937 possit,
2198 889 2290 937 quia
2320 886 2404 938 ejus

1285 938 1479 990 potentia,
1509 937 1622 975 sicuti
1649 937 1684 974 8<
1703 939 1911 990 sapientia,
1941 938 2060 977 nullis
2074 940 2402 980 circumscribun-

1286 999 1348 1030 tur
1378 1000 1577 1028 termiuls.

1348 1043 1436 1090 154.
1465 1042 1661 1082 Goncludo
1690 1042 1793 1082 hunc
1812 1044 1969 1084 brevem
1987 1044 2210 1084 'Tractatum
2230 1047 2277 1085 de
2296 1061 2402 1086 crea=

1287 1099 1386 1136 tione
1415 1097 1548 1135 mundi
1592 1096 1721 1135 verbis
1749 1096 1790 1136 S.
1822 1099 2022 1150 Augustini
2052 1099 2135 1137 loco
2176 1113 2269 1138 mox
2295 1101 2403 1140 laud⁹

1287 1150 1336 1189 de
1368 1149 1476 1188 Civlt.
1507 1148 1613 1188 Dei.
1659 1180 1686 1198 ,‚
1716 1150 1820 1198 Quia
1849 1166 1938 1190 vero
1969 1154 2040 1190 tria
2069 1154 2249 1205 quaedam
2279 1156 2401 1192 maxi-

1288 1234 1317 1253 „
1346 1219 1409 1242 me
1438 1204 1592 1242 scienda
1619 1203 1665 1240 de
1695 1213 1870 1243 creatura
1898 1205 2012 1244 uobis
2027 1208 2192 1257 oportuit
2213 1209 2401 1254 intimari,

1288 1287 1315 1307 „
1345 1259 1432 1310 quis
1462 1271 1545 1295 eam
1576 1258 1730 1305 fecerit,
1774 1272 1842 1310 pei·
1870 1259 1964 1311 quid
1995 1259 2127 1296 feeerit
2146 1290 2156 1308 ,
2199 1275 2316 1311 quare
2347 1263 2400 1299 fe-

1342 1312 1456 1348 cerit:
1487 1309 1597 1349 Deus
1626 1309 1752 1358 dixit,
1784 1313 1936 1364 inquit,
1955 1311 2043 1364 fiat
2073 1312 2145 1349 lux
2167 1343 2176 1360 ,
2206 1312 2401 1365 &jacta

1344 1373 1403 1402 est:
1431 1365 1501 1401 lux
1518 1390 1529 1402 .
1557 1362 1613 1401 Et
1642 1363 1732 1402 vidit
1760 1362 1871 1402 Deus
1900 1365 2028 1403 lucem
2059 1369 2154 1417 quia
2183 1365 2286 1403 bona
2316 1377 2374 1406 est
2392 1394 2403 1406 .

1288 1448 1314 1467 „
1344 1418 1387 1456 Si
1416 1431 1504 1469 ergo
1532 1418 1767 1471 quaerimus,
1796 1420 1864 1471 qui
1895 1419 2055 1467 fecerit,
2085 1417 2202 1457 Deus
2226 1429 2310 1458 esc.
2359 1421 2400 1460 Si

1286 1501 1311 1520 „
1343 1484 1412 1524 per
1440 1472 1534 1524 quid
1564 1472 1695 1509 fecerit
1713 1502 1723 1519 ,
1754 1470 2007 1526 dixic,ficzt,
2035 1472 2230 1524 &facta
2250 1483 2330 1513 est.
2360 1475 2401 1513 Si

1285 1554 1312 1575 „
1341 1537 1461 1577 quare
1491 1525 1645 1572 fecerit,
1675 1529 1768 1576 quia
1797 1524 1901 1563 bona
1930 1535 2014 1564 est.
2065 1526 2143 1564 Nec
2172 1537 2303 1565 auctor
2348 1537 2403 1566 est

1287 1608 1314 1628 „
1344 1578 1592 1616 excellentior
1622 1578 1702 1615 Deo
1720 1609 1729 1626 ‚
1758 1593 1827 1617 nec
1857 1593 1916 1618 ars
1946 1579 2138 1618 efficacior
2158 1579 2232 1618 Dei
2262 1582 2400 1630 verbo,

1345 1646 1412 1670 nec
1441 1646 1555 1670 causa
1584 1631 1742 1680 melior,
1771 1647 1888 1685 quam
1920 1643 1958 1671 ut
1987 1634 2133 1671 bonum
2160 1644 2351 1672 crearetur
2378 1650 2401 1672 a

1287 1715 1314 1735 „
1344 1685 1428 1723 Deo
1455 1686 1578 1724 bono.
1612 1685 1724 1724 Hanc
1753 1689 1868 1724 etiam
1899 1685 2003 1725 Plato
2031 1701 2183 1725 causam
2213 1689 2401 1727 condendi

1286 1768 1314 1788 „
1343 1739 1477 1777 mundi
1507 1739 1754 1790 justissimam
1784 1741 1904 1787 dicit,
1944 1750 1982 1778 ut
2010 1745 2033 1778 a
2061 1741 2163 1778 bono
2193 1741 2274 1779 Deo
2301 1742 2402 1782 bona

1287 1821 1314 1841 „
1343 1805 1460 1845 opera
1488 1792 1642 1831 fierent:
1672 1795 1751 1832 sive
1780 1794 1850 1832 ista
1880 1794 2032 1845 legerit,
2062 1797 2139 1832 sive
2155 1794 2204 1831 ab
2225 1794 2304 1842 his,
2332 1797 2406 1847 qui-

1289 1875 1316 1893 „
1347 1845 1516 1896 legerant
1533 1874 1544 1892 ,
1576 1847 1670 1881 forte
1698 1849 1943 1896 cognoverit3
1972 1849 2051 1885 sive
2080 1849 2268 1885 acerrimo
2296 1849 2405 1899 inge--

1288 1927 1316 1945 „
1347 1900 1414 1935 nio*
1439 1896 1656 1935 invisibilia
1676 1897 1749 1936 Dei
1780 1913 1848 1951 per
1877 1913 1946 1947 ea,
1976 1913 2063 1951 quae
2087 1901 2184 1938 facta
2204 1910 2312 1949 sunt,
2342 1903 2400 1940 in-

1288 1979 1315 1999 „
1345 1950 1494 1988 tellecta
1523 1953 1786 2004 conspexerim
1815 1953 1894 1990 sive
1924 1953 1972 1991 ab
2002 1952 2087 2003 his,
2116 1956 2188 2006 qui
2215 1956 2288 1994 ista
2311 1968 2400 1993 con-

1285 2032 1313 2054 „
1343 2013 1540 2057 spexerant
1568 2004 1601 2041 ὃς
1631 2005 1712 2056 ipsc
1740 2006 1937 2045 didicerit:
1969 2009 1995 2027 ‘³

1287 1341 1313 1360 9>

1287 1394 1314 1414 2²

1288 1661 1316 1681 ,θ

966 2518 1122 2562 ὢῚΝΙδ»
1143 2520 1179 2561 T
1179 2520 1295 2562 OM!
1320 2520 1390 2561 TE
1393 2520 1524 2562 ΒΤΠ,
