2577 3633
803 133 885 184 DE
920 133 1211 181 'CONCILIO
1243 130 1616 182 ARIMINENSI
1639 167 1650 180 .

56 228 237 275 numque
264 214 498 274 ¹Symbolum
540 218 840 258 confirmarunt.
883 221 983 260 Cum
1026 219 1097 257 hac
1138 219 1186 257 de

63 289 178 315 causa
205 277 439 315 Arianorum
468 273 582 312 factio
610 275 796 312 maximas
817 276 1016 326 tragoedias
1046 274 1185 311 excita-

62 340 144 380 ret,
189 330 320 368 decem
350 328 462 380 legati
493 341 538 365 ex
570 338 730 380 utraque
760 338 866 380 parte
895 330 943 368 ad
969 330 1183 367 Constanti-

63 398 161 424 num
176 383 282 421 missi
301 390 409 430 sunt,
441 382 503 420 sed
526 383 555 420 is
572 382 772 421 fraudibus
788 382 1020 421 Arianorum
1035 394 1182 434 praeoc-

61 446 226 489 cupatus
268 435 471 475 catholicos
499 436 658 489 Legatos
689 436 940 490 Adrianopoli
981 450 1095 475 suum
1124 450 1184 474 re-

62 491 192 530 ditum
221 505 243 529 a
272 486 478 529 barbarica
519 490 761 543 expeditione
800 490 1009 543 praestolari
1048 489 1190 542 jussit,

66 554 149 598 post
182 553 310 584 autem
344 543 492 582 eosdem
522 543 708 583 transtulit
728 544 902 583 Nicaeam
924 541 1103 583 Thraciae
1123 558 1192 598 op-

70 599 207 651 pidum
225 629 235 648 ,
280 598 347 636 ubi
377 599 519 650 partim
549 599 664 637 taedio
691 598 887 637 diuturnae
918 612 1060 648 morae,
1103 609 1192 651 par-

65 655 138 691 tim
168 651 292 700 dolis,
341 649 376 687 &
405 650 586 690 violentia
618 652 847 691 Arianorum
891 653 1039 691 tandem
1070 654 1190 701 victi,

67 705 278 743 formulam
316 704 407 743 fidei
449 706 558 758 prius
587 707 754 744 Arimini
791 707 1049 760 improbatam
1091 720 1195 746 rece-

68 768 207 812 perunt
227 783 239 797 .

123 812 192 852 88.
221 813 461 852 Constantius
490 824 559 862 re,
601 822 642 852 ut
671 813 746 852 sibi
776 814 976 853 videbatur
998 845 1008 863 ‚
1038 829 1194 867 prospe-

67 877 110 906 re
139 876 268 920 gesta,
310 868 467 920 Legatos
508 869 557 905 ad
584 867 783 920 Synodum
816 870 1098 907 Ariminensem
1135 883 1194 907 re-

67 922 202 968 misit3
245 936 400 975 sperans
431 935 564 960 eorum
595 920 773 973 exemplo
802 919 835 957 8t
865 932 1006 960 ceteros
1036 922 1196 974 Episco-

69 989 138 1028 pos
168 990 247 1015 esse
283 976 543 1015 seducendos.
588 974 668 1012 Nec
698 988 785 1011 eum
829 975 968 1013 fefellit
1012 985 1194 1023 eventus;

67 1043 161 1068 nam
190 1031 302 1069 initio
329 1030 488 1083 quidem
517 1026 703 1066 Catholici
735 1028 882 1079 Legatis
924 1031 1195 1082 praevaricato-

69 1083 179 1121 ribus
208 1085 518 1123 communionem
555 1082 824 1132 denegarunt;
866 1084 929 1121 sed
959 1092 1085 1135 postea
1115 1083 1195 1122 lon-

71 1138 188 1189 gioris
216 1149 334 1174 morae
363 1135 515 1187 pertaesi
546 1137 561 1186 (
592 1134 745 1172 Taurus
788 1136 890 1174 enim
921 1138 1026 1175 urbis
1056 1139 1195 1190 praefe-

71 1200 154 1228 ctus
182 1190 384 1242 Synodum
426 1189 600 1228 relaxare
643 1187 819 1237 nolebat,
862 1191 981 1229 donec
1012 1191 1195 1245 Episcopi

71 1244 170 1281 inter
199 1257 236 1282 se
265 1244 511 1282 convenirent
540 1243 554 1292 )
584 1242 770 1281 vacillare
799 1253 1031 1296 coeperunt,
1076 1246 1195 1284 facta-

70 1311 149 1350 que
191 1297 309 1336 semel
353 1299 572 1335 animorum
614 1294 862 1335 inclinatione
905 1301 1126 1338 catervatim
1157 1301 1198 1338 in

73 1359 200 1402 partes
229 1351 557 1390 Semiarianorum
585 1364 799 1390 concessere
820 1382 830 1400 ‚
880 1351 998 1390 donec
1045 1353 1198 1392 tandem

70 1418 207 1442 vomnes
233 1405 280 1442 ad
307 1417 428 1442 unum
458 1407 475 1456 (
505 1405 649 1442 mirum
678 1403 802 1443 dictu!
834 1405 849 1454 )
880 1407 1018 1457 primae
1051 1407 1198 1446 formu-

74 1457 126 1494 lae
144 1487 154 1505 ‚
199 1470 316 1510 quam
346 1459 457 1497 initio
484 1466 562 1496 tam
590 1467 802 1497 constanter
831 1459 1066 1511 rejecerant,
1109 1460 1199 1499 sub-

74 1512 338 1563 scripserunt.
383 1511 424 1550 In
454 1524 498 1550 ea
534 1521 661 1550 autem
690 1520 882 1565 expuncto
915 1516 1077 1563 ὁμοέσιψ
1108 1514 1200 1553 fides

72 1563 266 1604 catholica
285 1564 477 1618 ambiguis
507 1566 635 1604 verbis
665 1567 954 1618 exponebatur.
984 1567 1200 1607 Tristisliic

76 1619 150 1656 fuit
179 1620 325 1672 Synodi
356 1620 611 1658 Ariminensis
642 1622 762 1658 exitus
785 1648 794 1658 .

134 1673 202 1724 89.
232 1673 346 1711 Porro
367 1671 583 1711 Orientales
599 1703 609 1721 ‚
639 1674 707 1725 qui
728 1673 917 1713 Seleuciae
948 1684 1204 1714 convenerant

76 1740 117 1764 n.
143 1726 260 1774 180„
302 1727 341 1764 in
367 1734 442 1764 tres
470 1724 605 1765 classes
633 1727 747 1766 divisi
777 1738 883 1766 erant
901 1756 911 1766 .
959 1729 1045 1768 ‘Non
1091 1729 1203 1768 multi

76 1780 194 1832 puri,
225 1781 384 1832 putique
414 1780 581 1829 Ariani,
611 1792 776 1832 quorum
807 1783 964 1833 signifer
990 1792 1072 1820 erat
1102 1783 1201 1821 Aca-

78 1834 161 1870 cius
179 1833 367 1872 Caesareae
398 1834 437 1871 in
458 1832 660 1872 Palaestina
680 1833 895 1886 Episcopus
913 1862 922 1873 .
954 1834 1084 1886 Major
1113 1850 1201 1888 pars

78 1894 158 1923 erat
195 1883 581 1925 Homoeusianorum
621 1901 708 1939 seu*
733 1887 1087 1936 semiarianorum,
1131 1889 1202 1942 qui

75 1939 308 1980 catholicam
327 1941 480 1980 Nicaeni
499 1940 666 1980 Concilii
695 1940 813 1979 fidem
843 1942 888 1980 de
916 1956 1007 1981 vera
1033 1943 1067 1980 J.
1089 1942 1202 1981 Chri-

77 1994 125 2032 sti
153 1994 352 2034 divinitate
394 1997 566 2048 recipere
593 2009 632 2032 se
662 1994 961 2047 profitebantur,
1005 1996 1203 2049 solamque

78 2060 215 2086 Vocem
243 2045 411 2100 ὅμοέσιον
441 2049 701 2102 respuebant,
749 2048 899 2087 Filium
929 2050 1099 2089 dicentes
1126 2064 1205 2089 vesse

80 2099 183 2140 Patri
213 2099 381 2151 ὁμοέσισν
410 2104 584 2142 similem
628 2107 670 2141 in
711 2102 937 2141 substantia
955 2132 965 2142 .
1014 2104 1063 2142 Et
1092 2106 1207 2155 pauci

78 2156 240 2194 demum
269 2164 375 2193 erant
402 2159 562 2197 omnino
603 2156 803 2194 orthodoxi
832 2156 1004 2194 Nicaenae
1034 2157 1126 2195 fidei
1155 2166 1209 2195 te-

81 2221 194 2246 naces
225 2207 289 2257 (a)
307 2233 318 2245 .

140 2275 206 2314 90.
237 2260 311 2297 Tot
340 2268 497 2310 autem,
523 2268 719 2313 'tantaeque
747 2259 901 2300 fuerunt
931 2264 971 2301 in
1002 2275 1045 2300 eo
1073 2262 1212 2302 Conci-

83 2314 139 2354 lio
167 2314 449 2364 contentiones,
479 2323 520 2353 ut
549 2315 695 2354 Leonas
724 2313 932 2355 Praefectus
961 2318 1054 2355 actis
1083 2318 1211 2357 conci-

84 2367 249 2408 liaribus
267 2399 277 2417 ,
309 2376 349 2406 ut
376 2367 502 2420 jussus
531 2378 636 2417 erat,
667 2380 740 2407 non
756 2369 922 2422 amplius
952 2372 1129 2409 interesse
1145 2384 1211 2410 vo-

85 2422 230 2461 luerit.
259 2422 333 2461 Sed
364 2423 478 2460 etiam
508 2424 548 2461 in
573 2435 617 2461 eo
635 2422 811 2461 Concilio
838 2427 983 2475 pauci,
1016 2433 1054 2462 ut
1085 2425 1211 2478 inquit

86 2477 130 2516 S.
161 2476 360 2524 Hilarius,
403 2477 574 2526 plurium
603 2476 798 2515 dominati
826 2488 917 2515 sunt
936 2509 945 2527 ,
985 2477 1018 2514 ἃ
1046 2478 1210 2518 Concilii

86 2530 345 2569 Ariminensis
385 2531 564 2583 exemplo
603 2543 736 2569 omnes
778 2531 934 2571 demum
966 2533 1004 2570 in
1035 2532 1210 2570 eamdem

88 2584 180 2622 fidei
211 2580 418 2623 formulam
447 2599 470 2623 a
499 2584 635 2624 Marco
655 2583 858 2623 Arethusio
887 2585 1030 2625 dictam
1058 2587 1209 2640 conspi-

87 2647 220 2676 rarunt
236 2665 246 2675 .

145 2702 210 2744 91.
241 2690 318 2730 Vix
345 2693 425 2731 dici
453 2697 600 2745 potest,
629 2701 721 2745 quot
750 2705 795 2730 ex
823 2687 897 2732 hac
927 2693 1090 2731 duarum
1111 2693 1210 2733 'Con-

87 2745 269 2784 ciliorum
298 2748 615 2798 praevaricatione
635 2745 848 2799 triumphos
869 2757 980 2799 agant
1000 2744 1210 2786 Protestan-

89 2808 171 2848 tes,
207 2799 440 2852 gloriantes,
482 2808 596 2838 totam
627 2799 843 2839 Ecclesiam
874 2814 917 2839 eo
946 2811 1116 2854 tempore
1146 2803 1211 2840 de-

91 2855 254 2901 fecisse3
289 2855 391 2906 quod
420 2857 534 2892 etiam
566 2863 674 2891 aetate
701 2854 743 2893 S.
773 2856 973 2906 Augustini
1003 2854 1211 2895 Donatistae

93 2907 402 2957 contendebant,
432 2909 466 2945 St
486 2907 706 2959 Pelagiani,
736 2916 778 2961 nt
805 2909 927 2947 videri
957 2919 1072 2962 potest
1102 2912 1141 2949 in
1173 2925 1210 2948 e-

95 2960 184 3010 pist.
201 2961 267 3012 94.
296 2961 389 3000 alias
409 2962 475 3009 48.
506 2963 552 3000 ad
574 2962 818 3000 Vincentium
835 2992 846 3011 ‚
878 2962 910 2998 8(
924 2963 1044 3003 Libro
1063 2965 1095 3004 L
1122 2976 1211 3002 con-

94 3021 155 3050 tra
182 3012 382 3054 Julianum
411 3029 497 3070 cap.
523 3031 558 3070 7.
587 3015 793 3069 Perper-am
822 3024 978 3057 tamena

145 3209 196 3245 (a)
222 3204 255 3237 S.
282 3203 440 3239 Hilarius
474 3217 595 3245 contra
619 3210 869 3247 Constantium
898 3220 1068 3246 num-12.
1108 3207 1215 3245 Assi-

106 3260 183 3292 sto,
208 3252 352 3296 inquit,
376 3254 602 3290 Orientalium
627 3261 662 3291 in
689 3259 852 3292 Seleucia
879 3259 1027 3304 Srnodo
1044 3281 1054 3300 ‚
1081 3260 1133 3292 ubi
1159 3271 1215 3291 re-

100 3303 175 3344 peri
204 3307 334 3332 tantum
358 3300 644 3345 blasphemorum,
681 3313 834 3349 quantum
859 3306 1063 3340 Constantio
1099 3307 1214 3349 place-

103 3347 181 3379 bac.
219 3345 307 3378 Νὶιῑη
331 3350 439 3388 prima
477 3353 672 3383 secessione
698 3356 733 3385 in
758 3365 798 3385 ea
838 3354 1078 3396 deprehendi,
1118 3359 1152 3384 nt
1178 3364 1212 3383 n.

109 3393 186 3428 ¹05·
214 3391 383 3438 Episcopi
406 3393 618 3429 homoeusion
631 3416 642 3437 ,
663 3399 760 3433 idest
771 3401 900 3434 similis
921 3401 1114 3436 substantiae
1127 3407 1213 3443 pra·-

2233 144 2314 186 135

1308 231 1374 270 92.
1404 220 1504 258 Nam
1536 218 1649 257 facile
1694 217 1906 270 probatur,
1956 220 2217 263 Ariminenses
2245 220 2373 266 Patres

1252 272 1424 324 deceptos
1444 273 1602 326 quidem
1632 272 1748 310 fuisse
1768 272 1816 310 ab
1834 273 1983 312 Aristi-iis
2000 290 2011 321 3
2038 287 2114 315 'non
2137 287 2263 318 tamen
2280 282 2373 319 'suisa

1251 339 1291 363 se
1321 326 1544 374 haereticos,
1588 339 1651 364 seu
1683 325 1818 364 haeresi
1849 330 2008 379 cognitae
2041 340 2079 368 ut
2107 332 2174 370 tali
2205 332 2371 373 subscri·

1220 392 1223 395 ·
1250 381 1367 430 psisse
1385 407 1394 418 .
1425 381 1537 429 Quod
1567 387 1706 418 constat
1723 381 1848 431 primo
1869 394 1914 418 ex
1938 384 2053 421 totius
2075 386 2128 423 rei
2157 397 2268 438 gestae
2287 399 2375 426 nare

1252 435 1424 482 ratione,
1462 434 1619 486 qualem
1649 434 1689 472 S.
1720 433 1982 487 Hieronymus
2008 437 2121 476 nobis
2151 440 2303 479 exhibet
2334 443 2375 482 iu

1260 484 1434 539 Dialogo
1463 488 1552 527 adv.
1582 487 1893 540 Lucz‘ferianos³
1931 488 1998 527 nbi
2030 499 2106 528 tam
2138 507 2181 530 ea
2209 495 2378 533 conside-

1260 551 1345 577 rare
1359 551 1502 593 oportet
1521 572 1530 589 ‚
1560 553 1648 594 quae
1679 541 1908 580 in‘Concitio
1937 552 2089 595 peracta
2118 556 2229 595 sunt,
2259 558 2379 600 quam

1260 607 1349 645 quae
1378 596 1507 646 ipsum
1528 596 1746 634 Concilium
1777 605 1862 634 sunt
1892 606 2115 636 consecuta.
2146 598 2193 637 Et
2225 602 2380 639 incon-

1261 646 1352 685 cilio
1381 647 1536 699 quidem
1580 651 1707 699 primo
1735 650 1826 688 fidei
1858 651 2038 701 professio
2068 651 2242 691 Patribus
2272 655 2380 694 exhi«

1261 698 1343 739 bita
1372 702 1444 739 fuit
1462 732 1471 749 ,
1509 701 1619 753 cujus
1648 704 1784 756 obvius
1814 712 1925 756 atque
1955 707 2116 744 exterior
2142 721 2273 747 'sensus
2302 718 2381 747 erat

1261 754 1376 806 plane
1404 755 1632 794 orthodoxus
1662 756 1694 792 δε
1723 756 1953 806 catholicus,
1980 758 2071 798 licet
2097 761 2258 800 ‘interius
2287 761 2379 800 late—

1263 818 1318 846 ret
1361 810 1465 848 virus
1495 809 1710 848 Arianum.
1753 811 1929 850 Secundo
1965 813 2194 853 reticebatur
2222 817 2383 869 quidem

1261 872 1336 901 vox
1368 861 1568 912 o‘uoax'ctor3
1606 865 1669 901 sed
1699 865 1911 917 probabilis
1941 865 2169 907 afferebatur
2199 868 2314 921 hujus
2337 878 2383 906 'n-

1263 916 1452 954 missionis
1481 929 1615 965 causa,
1645 918 1738 969 quia
1767 919 1805 956 in
1835 921 1950 958 sacris
1980 919 2111 960 litteris
2131 923 2294 962 minime
2323 925 2383 963 in·-

1261 967 1490 1008 veniebatur
1511 999 1521 1018 ‚
1552 970 1586 1007 8t
1616 971 1728 1008 multi
1758 971 1839 1023 ejus
1854 974 2020 1012 novitate
2062 973 2382 1016 offendebantur-

1265 1023 1395 1062 Tertio
1423 1025 1453 1061 si
1484 1037 1561 1076 qua
1591 1034 1669 1062 erat
1710 1026 1755 1062 de
1793 1025 2011 1066 auctoribus
2053 1029 2158 1068 illius
2201 1031 2384 1070 formulae

1263 1080 1452 1130 suspicio,
1483 1077 1565 1116 tolli
1596 1079 1796 1118 videbatur
1826 1092 1870 1117 ex
1900 1081 2225 1123 anathematismis
2256 1094 2384 1136 postea

1263 1132 1421 1184 adjectis
1450 1144 1579 1170 coram
1610 1132 1740 1170 Tauro
1784 1134 1964 1184 praefecto
1985 1162 1994 1173 .
2038 1134 2089 1175 Ut
2120 1140 2219 1176 enim
2250 1138 2384 1192 Sulpi-2

1260 1188 1336 1225 'tius
1351 1186 1512 1224 Severus
1532 1186 1623 1225 Lib.
1646 1187 1693 1225 ll.
1725 1186 1831 1226 Hcs-t.
1862 1188 2003 1226 Sacrae
2033 1198 2186 1240 narrat,
2216 1191 2383 1241 Valens,

1263 1240 1297 1277 8<
1318 1240 1499 1279 Ursacius
1528 1239 1801 1289 affirlitaba'iit,
1832 1242 2039 1281 formulam
2056 1244 2243 1282 catholica
2271 1247 2385 1283 ratio-

1264 1309 1311 1333 ne
1341 1303 1561 1346 conceptam
1593 1309 1672 1333 esse
1690 1325 1700 1343 ‚
1731 1296 1793 1333 sed
1810 1299 1842 1333 si
1861 1296 1953 1348 quid
1983 1301 2115 1336 minus
2143 1299 2256 1349 plene
2283 1312 2386 1351 prce*

1266 1353 1368 1386 senti
1386 1347 1477 1400 fici&
1506 1347 1654 1386 editum
1684 1349 1904 1397 videretur,
1947 1354 2020 1400 ipsi
2049 1351 2269 1401 adderent,
2299 1366 2390 1405 quoe·

1268 1401 1457 1440 addenda
1486 1411 1696 1451 putarent.
1726 1403 1970 1441 Favorabilis
1999 1404 2084 1443 haee
2103 1408 2311 1458 propositio
2333 1409 2390 1446 vi-

1266 1470 1308 1494 'sa
1339 1465 1417 1503 est,
1449 1455 1633 1507 &pronis
1662 1458 1835 1494 omnium
1866 1458 2005 1495 animis
2033 1465 2216 1511 accepta,
2247 1459 2280 1495 ὅ(
2300 1469 2390 1499 tunc

1269 1509 1426 1562 publice
1456 1509 1543 1548 lecti
1574 1519 1660 1547 sunt
1689 1509 2029 1561 anathematismi,
2071 1512 2213 1565 quibus
2244 1515 2357 1552 Arius
2379 1543 2389 1562 s

1268 1573 1420 1616 totaque
1439 1562 1520 1614 ejus
1544 1563 1707 1616 perfidia
1727 1564 1983 1605 damnabatur
2000 1593 2009 1603 .
2042 1565 2088 1603 Et
2119 1566 2202 1605 haec
2232 1569 2390 1620 quidem

1271 1619 1309 1655 in
1327 1617 1501 1655 Concilio
1532 1626 1683 1669 peracta
1703 1627 1814 1664 sunt3
1844 1628 1956 1671 atque
1985 1623 2065 1668 ita,
2095 1620 2391 1660 concluditSul=

1271 1673 1389 1723 pitius
1412 1702 1421 1719 ,
1470 1680 1615 1709 neutra
1644 1684 1740 1722 pars
1783 1675 1919 1711 vicisse
1948 1686 1991 1710 se
2017 1677 2195 1724 penitus,
2238 1685 2309 1713 aut
2339 1679 2391 1714 ri-

1272 1734 1383 1762 ctam
1412 1734 1554 1773 putare
1582 1734 1769 1772 poteras,-
1804 1729 1898 1776 quia
1915 1726 2027 1779 fitles'
2057 1731 2144 1778 ipsa
2173 1742 2242 1780 pro
2272 1729 2390 1767 Aria·-

1272 1782 1356 1826 nis,
1385 1777 1654 1829 professiones
1675 1791 1763 1816 vero
1776 1787 1917 1828 posteo.
1946 1779 2122 1833 adjectae
2149 1796 2220 1832 pro
2247 1787 2389 1822 nostris

1269 1840 1416 1869 erant.
1910 1879 1916 1883 .
2116 1881 2123 1884 μ

1324 1884 1390 1937 93.
1418 1883 1494 1922 vSed
1524 1897 1654 1923 veram
1672 1915 1682 1933 ,
1712 1890 1828 1937 atque
1856 1884 2102 1925 orthodoxam
2119 1886 2275 1926 Patrum
2307 1890 2393 1928 Ari*

1271 1939 1502 1977 minensium
1524 1948 1687 1976 mentem
1709 1939 1834 1978 adhuc
1856 1941 1975 1992 magis
1995 1954 2039 1978 ea
2058 1941 2252 1981 declarant
2273 1973 2284 1992 ,
2303 1958 2394 1996 quze

1266 1992 1488 2031 'Concilium
1508 2002 1635 2043 postea
1664 1993 1866 2031 subsecuta
1890 2003 2005 2031 sunt.
2037 2025 2063 2043 ‚‚
2086 1995 2157 2035 His
2177 1997 2229 2035 ita
2256 1999 2367 2049 gestis
2380 2022 2395 2046 ς,

1274 2077 1301 2096 „
1330 2050 1456 2098 pergit
1485 2045 1527 2084 S.
1545 2045 1844 2097 Hieronymus,
1874 2048 2086 2085 concilium
2115 2049 2296 2089 solvitur:
2324 2051 2397 2089 ’135-

1276 2130 1303 2148 „
1334 2101 1361 2138 ti
1390 2112 1522 2137 omnes
1553 2100 1600 2136 ad
1629 2100 1849 2151 provincias
1879 2109 2118 2139 revertuntur
2136 2125 2174 2141 .-.
2193 2128 2204 2141 .
2224 2104 2300 2142 Sed
2328 2105 2396 2143 diu

1278 2181 1303 2202 ‚‚
1334 2152 1476 2190 scelera
1505 2166 1578 2190 non
1608 2150 1744 2202 latent,
1775 2152 1808 2189 &
1829 2155 1988 2192 cicatrix
2015 2154 2118 2192 male
2145 2156 2309 2195 obducta
2337 2159 2397 2196 'in-

1280 2236 1305 2255 ‚‚
1336 2216 1439 2244 cocto
1469 2219 1563 2258 pure
1583 2206 1861 2259 disrumpitur:
1891 2217 2091 2260 coeperunt
2113 2218 2237 2261 postea
2253 2210 2398 2250 Valens

1276 2287 1307 2309 -,,
1337 2260 1370 2297 8<
1400 2260 1582 2298 Ursacius
1604 2290 1615 2307 ,
1659 2262 1866 2314 caeterique
1895 2263 2078 2314 nequitiae
2109 2276 2242 2301 eorum
2266 2266 2398 2313 socii,

1281 2344 1308 2362 „
1339 2315 1477 2366 egregii
1506 2313 1685 2352 videlicet
1713 2313 1952 2366 Sacerdotes,
1996 2315 2144 2369 palmas
2169 2331 2258 2355 ‘suas
2287 2317 2398 2369 jacti-

1279 2398 1304 2416 „
1335 2378 1413 2406 tare
1431 2398 1442 2416 ,
1471 2368 1636 2406 dicentes
1653 2399 1662 2417 ,
1693 2383 1731 2407 se
1752 2368 1899 2407 Filium
1930 2378 2145 2408 creaturam
2169 2379 2247 2409 ‘non
2264 2380 2398 2424 ‘negas-

1280 2451 1305 2470 ‚‚
1335 2437 1373 2460 se
1390 2452 1400 2470 ,
1421 2422 1484 2460 sed
1502 2422 1671 2460 similem
1688 2423 1819 2460 ceteris
1840 2425 2022 2462 creaturis
2038 2450 2049 2462 .
2080 2423 2137 2461 Et
2155 2424 2274 2475 paulo
2286 2435 2397 2476 post:

1277 2500 1306 2524 -‚‚
1335 2476 1617 2514 Concurrebant
1647 2475 1828 2529 Episcopi
1846 2507 1855 2525 ,
1894 2479 1962 2530 qui
1993 2477 2303 2517 Ariminensibus
2332 2481 2400 2518 do-

1275 2554 1305 2578 r„
1335 2530 1381 2568 lis
1412 2531 1544 2568 irretiti
1575 2531 1656 2568 sine
1686 2531 1916 2568 conscientia
1947 2530 2118 2570 haeretici
2148 2532 2397 2582 'feiebanti‘ir-⁵

1279 2611 1305 2632 ,‚
1335 2592 1580 2622 contestantes
1607 2594 1743 2635 corpus
1763 2585 1923 2624 Domini
1946 2616 1956 2632 ‚
1988 2585 2021 2622 &
2050 2586 2239 2638 quidquid
2267 2582 2400 2625 *in-Ec-

1280 2665 1306 2686 „
1337 2638 1452 2676 clesia
1495 2647 1666 2675 sanctum
1696 2646 1774 2686 est,
1818 2651 1855 2675 se
1885 2637 1982 2690 nihil
2023 2639 2120 2677 'mali
2156 2642 2195 2677 in
2224 2653 2293 2678 vsua
2321 2640 2398 2679 fide

1280 2720 1305 2739 >a
1337 2692 1541 2742 suspicatos
1558 2718 1567 2728 .
1597 2688 1819 2729 Putavimus
1836 2722 1846 2740 ‚
1868 2693 2094 2745 inquiebant
2110 2723 2120 2741 ‚
2139 2701 2290 2731 sensnm
2309 2704 2398 2733 ‘con—

1281 2774 1307 2794 2,
1338 2759 1471 2797 gruere
1502 2744 1653 2792 verbis,
1691 2758 1762 2783 nec
1791 2747 1830 2783 in
1862 2746 2035 2784 Ecclesia
2064 2744 2170 2795 Dei,
2207 2747 2276 2786 'ubi
2304 2749 2399 2786 ‘sizn-

1281 2827 1307 2847 ,,
1337 2797 1513 2851 plicitas‚
1546 2796 1611 2836 ubi
1641 2811 1737 2850 pura
1766 2800 1950 2838 confessio
1979 2810 2050 2849 est,
2080 2801 2186 2839 aliud
2218 2802 2254 2838 in
2285 2801 2397 2839 corde

1282 2881 1308 2901 ,,
1338 2851 1510 2890 clausum
1541 2866 1643 2899 esse,
1672 2851 1781 2890 aliud
1797 2850 1908 2891 labiis
1938 2856 2101 2906 'proferri
2119 2855 2321 2891 timuimus
2339 2881 2396 2893 ...-

1282 2934 1308 2954 ,,
1339 2905 1499 2959 Decepit
1527 2919 1593 2944 nos
1621 2905 1723 2944 bona
1751 2906 1796 2944 de
1825 2906 1938 2945 malis
1967 2908 2213 2953 existimatio3
2262 2908 2400 2947 ‘multa-

1278 2984 1307 3009 2„
1336 2974 1411 3012 que
1440 2958 1545 3008 alia,
1576 2969 1665 3012 quae
1695 2959 1891 2999 brevitatis
1906 2962 2028 3000 studio
2059 2971 2242 3012 praetereo
2263 2992 2274 3010 ‚
2305 2962 2398 3000 flen-

1278 3042 1306 3066 3,
1335 3024 1388 3054 tes
1417 3013 1661 3063 asserebant·²
1703 3016 1826 3066 parati
1855 3014 1890 3050 ἃ
1918 3015 2242 3068 subscriptionem
2272 3016 2398 3068 'pristi-

2175 3091 2203 3118 3,
2233 3084 2346 3119 Ham}

1281 3206 1471 3249 dicarent,
1498 3211 1538 3242 (φ’
1568 3215 1623 3251 ἲ9.
1646 3211 1908 3250 ᾱηοιηαειιςὶοη)
1946 3209 2040 3244 idest
2066 3210 2258 3243 dissimilis
2283 3220 2400 3240 essen-

1283 3262 1335 3291 tiae
1359 3255 1630 3299 profiterentur)-
1657 3259 1697 3287 Θ
1726 3257 1792 3288 soli
1819 3257 2013 3301 AEgyptii‚
2036 3265 2157 3300 praeter
2183 3255 2397 3289 Aleaninclri-

1282 3317 1356 3337 ηιιηι
1382 3303 1572 3336 haereticum
1601 3303 1850 3347 (Georgium)
1890 3305 2085 3339 homousion
2108 3303 2396 3337 ‘constantissime

1278 3352 1474 3385 >obtin-erent
1487 3369 1495 3382 0
