2577 3633
276 159 344 199 -58

226 244 452 284 consequens
479 238 584 278 erat,
616 228 764 282 aequale
792 230 904 267 etiam
936 230 1107 266 futurum
1137 228 1176 264 in
1204 225 1323 266 altera

225 291 301 325 vita
317 295 392 322 tam
413 283 600 322 bonorum
620 284 849 335 praemium,
878 295 994 334 quain
1024 279 1214 318 malorum
1235 294 1322 333 sup-

225 340 386 390 plicium
409 364 420 374 .
469 336 597 374 Etiam
626 349 670 373 ex
698 338 818 388 gratia
854 334 1092 385 baptismatis
1134 333 1325 386 aequalem

224 392 297 430 Dei
328 392 510 428 visionem
526 390 647 428 Beatis
667 401 882 428 concessum
912 387 960 424 iri
980 384 1182 436 colligebat
1196 401 1207 432 3
1237 401 1325 426 nam

225 443 286 482 illi
316 443 386 482 soli
428 453 581 481 aeternae
611 445 700 482 vitae
740 441 920 479 meritum
961 437 1207 477 tribuendum
1248 453 1325 478 esse

222 497 499 535 contendebat:
540 510 625 534 eam
653 503 777 533 autem
807 505 883 530 esse
913 492 953 530 in
991 492 1171 531 omnibus
1198 493 1322 546 bapti-

222 552 312 588 zatis
341 548 530 602 aequalem
547 575 558 587 .

283 603 371 649 148.
402 604 510 640 Hunc
539 601 713 638 eumdem
742 610 909 636 errorem
937 598 1116 637 suscitare
1151 598 1323 638 videntur

222 656 251 694 ii
281 657 439 694 Lutheri
466 654 645 701 asseclae,
675 653 742 703 qui
771 653 931 699 docent,
968 666 1044 690 uon
1074 651 1229 690 aliunde
1257 665 1322 690 nos

222 708 340 760 justos
380 723 481 755 esse,
528 720 645 759 quam
673 717 719 742 ex
761 704 840 743 sola
881 705 1129 758 imputatione
1164 704 1320 756 justitiae

221 763 359 800 Christi
376 791 387 809 ,
416 774 502 812 quae
522 759 700 797 omnibus
720 759 918 810 aequaliter
945 757 1160 810 applicetur
1188 772 1255 810 per
1275 758 1320 795 fi-

220 815 330 852 dem:
360 814 444 851 inde
473 813 576 850 enim
603 815 870 865 consequitur,
920 810 1108 863 aequalem
1139 813 1253 849 etiam
1281 824 1321 849 o·

222 868 377 904 mnibus
391 866 552 918 gloriam
569 896 579 915 ‚
609 865 644 902 8:
664 867 847 905 visionem
875 864 1095 903 beatificam
1115 866 1322 908 conceden-

218 919 306 958 dam
337 921 415 957 fore
432 945 442 957 .

278 973 365 1025 149.
393 971 582 1011 Catholici
612 972 785 1011 unanimi
808 969 990 1019 calculo,
1021 980 1060 1009 ut
1089 971 1225 1010 merita
1253 970 1321 1009 ho-

218 1028 369 1064 minum
387 1057 397 1074 ,
426 1026 459 1063 8(
488 1027 668 1065 demerita
697 1027 734 1064 in
763 1024 833 1063 hac
862 1026 938 1064 vita
968 1025 1176 1077 inaequalia
1206 1034 1319 1072 suut,

220 1080 271 1117 ita
302 1082 340 1117 in
369 1080 485 1117 altera
515 1081 591 1118 vita
620 1080 856 1132 praemium,
899 1078 931 1115 &
962 1079 1195 1130 supplicium
1227 1079 1321 1116 inae-

219 1133 334 1185 quale
365 1134 536 1171 futurum
566 1146 642 1171 esse
672 1133 954 1184 pronunciant.

279 1187 365 1225 150.
394 1186 469 1224 Sed
498 1200 587 1224 cum
617 1198 740 1225 serino
767 1193 820 1222 est
847 1185 893 1222 de
921 1198 1035 1223 causa
1076 1183 1262 1222 efficiente
1292 1183 1322 1222 i-

217 1239 504 1292 inaequalitatem
535 1240 718 1287 visionis,
749 1239 844 1276 inter
873 1251 910 1275 se
939 1250 1012 1275 non
1041 1236 1173 1275 leviter
1200 1236 1321 1288 digiae-

219 1293 399 1331 diamur.
429 1292 747 1330 Thomistaecum
776 1290 908 1329 multis
935 1289 1023 1329 aliis
1048 1304 1096 1328 ex
1124 1291 1321 1329 diversita-

220 1354 253 1382 te
285 1345 440 1384 luminis
468 1345 600 1397 gloriae
627 1345 726 1383 hanc
747 1344 1045 1396 inaequalitatem
1074 1344 1187 1391 oriri,
1216 1343 1320 1381 arbi-

219 1406 394 1437 trantur.
423 1399 591 1437 Scoristae
621 1408 773 1446 autem,
804 1398 945 1449 quibus
973 1397 1208 1435 consentiunt
1238 1395 1320 1433 Du-

218 1452 384 1499 randus,
427 1450 586 1489 Joannes
615 1450 770 1502 Major,
813 1450 846 1486 8<
875 1449 972 1497 alii,
1019 1449 1319 1500 inaequalitatem

218 1505 398 1551 visionis,
447 1504 586 1540 nedum
615 1518 636 1539 a
666 1502 833 1552 majori,
881 1501 941 1538 vel
983 1500 1123 1538 minori
1161 1501 1320 1538 luminis

217 1555 350 1606 gloriae
379 1555 561 1593 effusione
579 1585 589 1603 ,
620 1556 681 1592 sed
699 1556 816 1592 etiam
844 1568 866 1590 a
895 1553 1059 1603 majori,
1089 1552 1149 1590 vel
1179 1553 1319 1590 minori

217 1609 430 1648 intellectus
458 1610 538 1647 acie
556 1638 564 1654 ‚
595 1607 628 1644 8<
649 1607 883 1660 perspicacia
911 1607 1003 1644 oriri
1033 1615 1247 1644 autumant:
1278 1607 1321 1643 111

216 1677 292 1714 qua
320 1661 638 1701 Scholasticorum
682 1660 936 1699 controversia
963 1672 1030 1697 nos
1059 1672 1179 1709 pauca
1217 1671 1323 1695 more

217 1726 342 1753 nostro
369 1715 626 1752 delibabimus
643 1741 654 1760 ‚
696 1714 747 1751 vde
769 1710 964 1751 *catholico
1003 1712 1178 1761 dogmate
1202 1710 1322 1747 stabi-

219 1768 344 1805 liendo
371 1768 566 1804 dumtaxat
593 1766 772 1803 solliciti.

281 1823 366 1858 151.
395 1820 508 1867 Quod
537 1819 672 1871 dogma
715 1818 840 1868 primo
867 1814 977 1868 prob.
998 1829 1052 1854 „ex
1080 1817 1196 1854 sacris
1222 1815 1320 1853 litte-

222 1874 299 1912 ris.
329 1873 468 1911 Joann.
490 1871 597 1910 XIV.
629 1885 666 1910 2.
695 1871 787 1909 dicit
804 1869 998 1908 Christus:
1027 1868 1076 1906 Ιη
1104 1869 1223 1906 domo
1242 1868 1321 1906 Pa.-

219 1931 292 1964 tris
312 1929 391 1963 mei
408 1930 639 1964 mansiones
659 1925 796 1961 multoe
823 1931 914 1961 sunt
928 1937 943 1959 .·
970 1923 1071 1975 quod
1091 1935 1166 1960 non
1198 1922 1320 1961 solum

221 1980 269 2018 de
297 1992 483 2028 numero,
529 1978 591 2016 sed
619 1979 732 2015 otiam
775 1977 820 2014 de
862 1977 1078 2015 diversitate
1106 1974 1320 2013 coelestium

222 2035 465 2071 mansionum
495 2031 658 2083 intelligi
685 2030 794 2068 debet
812 2056 822 2067 .
860 2029 908 2067 Et
935 2028 1059 2067 adhuc
1088 2028 1320 2066 luculentius

221 2086 421 2138 Apostolus
442 2084 582 2124 Paulus
614 2098 646 2122 1.
676 2083 845 2121 Corinth.
867 2082 957 2120 XV.
985 2082 1051 2128 41.
1081 2082 1174 2119 Alia,
1201 2082 1321 2119 clari-

222 2148 288 2177 tas
315 2140 405 2177 solis
422 2168 433 2186 ‚
476 2140 560 2176 alia
588 2138 754 2176 claritas
782 2137 989 2174 stellarum
1004 2150 1019 2179 ‚-
1066 2134 1181 2172 stella
1211 2138 1321 2172 enim

223 2205 251 2229 a
280 2193 394 2230 steila
422 2190 553 2239 differt
587 2194 629 2228 in
657 2191 868 2238 claritate,
914 2191 971 2226 sic
999 2188 1048 2227 ἔθ’
1091 2186 1322 2226 resurreetio

224 2254 488 2283 mortuorum.
529 2245 626 2292 Quae
655 2244 731 2281 duo
760 2242 970 2282 testimonia
998 2240 1112 2279 simul
1141 2240 1321 2292 colligens

225 2296 483 2335 Tertullianus
512 2302 549 2335 111
570 2297 780 2345 Scorpiace
808 2309 894 2347 cap.
915 2294 953 2333 6.
984 2294 1199 2346 inquiebat:
1224 2307 1320 2345 quo-

224 2351 341 2388 modo
371 2351 505 2388 multoe
535 2354 766 2388 mansiones
808 2347 913 2399 apud
942 2347 1132 2395 Patrem,
1180 2350 1213 2384 si
1241 2360 1321 2385 non

224 2418 292 2454 pro
321 2409 513 2441 varietate
542 2401 814 2442 meritorum?
850 2400 1042 2453 quomodo
1070 2400 1120 2441 ὠ·
1148 2400 1264 2437 stella
1292 2413 1320 2437 a.

223 2457 337 2495 stella.
364 2457 546 2506 distabit,
592 2460 669 2494 nisi
702 2469 774 2506 pro
814 2454 1037 2493 diversitate
1074 2452 1277 2491 radiorum
1298 2451 1322 2489 ?

224 2510 273 2549 Et
300 2511 340 2549 S.
370 2509 426 2548 JO.
455 2509 742 2563 Chrysostomus
760 2509 876 2547 Hom.
897 2507 1000 2546 XLI.
1030 2507 1070 2544 in
1098 2507 1264 2558 primam
1285 2520 1322 2542 e-

225 2566 310 2615 pist.
340 2565 386 2601 ad
404 2565 576 2602 Corinth.
610 2563 712 2614 Quid
741 2575 835 2613 ergo
852 2591 862 2610 ,
889 2563 965 2608 ait,
995 2559 1083 2598 hinc
1104 2557 1323 2597 discimus?

229 2616 328 2666 quod
356 2620 513 2654 etiamsi
540 2630 677 2654 omnes
706 2621 783 2654 sini
812 2619 854 2653 in
881 2627 1028 2667 regno,
1074 2626 1158 2651 non
1184 2625 1323 2650 omnes

229 2678 367 2706 tamen
389 2668 530 2706 eadem
551 2679 833 2720 consequentur
850 2698 860 2717 ,
889 2668 938 2709 (3)·
958 2665 1097 2705 iisdem
1103 2665 1299 2718 fruentur
1309 2679 1323 2702 .-

230 2725 385 2759 etiamsi
400 2735 537 2759 omnes
552 2732 775 2768 peccatores
792 2727 832 2760 in
848 2721 1034 2775 gehenna
1048 2750 1060 2770 ,
1087 2732 1169 2759 non
1183 2731 1325 2758 omnes

231 2774 373 2814 eadem
400 2774 668 2815 sustinebunt.

231 2949 282 2979 qm
326 2940 358 2967 ιῖη
384 2936 446 2969 hec
474 2940 645 2970 sententia
671 2935 810 2970 Stoicus
837 2945 941 2977 -erat,
969 2940 1015 2970 <in
1041 2936 1248 2979 aucupandis
1271 2947 1331 2968 an-

233 2989 295 3013 *em
312 3002 322 3020 3
360 2985 399 3013 (7
424 2983 646 3024 clifensundis
676 2984 896 3027 voluptatibus
921 2982 1136 3027 Epicureus,
1172 2983 1215 3015 de
1240 2986 1332 3014 scri-

230 3031 340 3071 gtnris
367 3032 496 3061 sanctis
521 3031 776 3062 dilucidissime
812 3034 1015 3063 convicisti.
1054 3027 1136 3062 Vid.
1162 3028 1268 3062 etiam
1293 3028 1330 3060 in

233 3073 340 3106 Libro
359 3075 402 3106 de
427 3074 604 3108 haeresibus
629 3088 724 3109 num.
743 3077 799 3110 82.
815 3096 825 3115 ,
851 3077 883 3107 S.
904 3077 1047 3108 Siricins
1066 3075 1110 3108 R.
1130 3074 1165 3108 P.
1186 3075 1220 3107 in
1238 3076 1331 3108 Con-

229 3120 313 3152 nitio
328 3120 427 3152 Rom.
454 3132 542 3153 anno
561 3122 640 3164 390.
666 3122 889 3155 Joviniannm
915 3121 1186 3161 condemnavit,
1209 3129 1248 3154 ut
1268 3131 1329 3165 pa-

230 3172 278 3198 tet
295 3176 335 3198 ex
356 3166 466 3209 Epist.
484 3166 640 3210 ejusdem
658 3168 772 3200 Siricii
791 3168 833 3201 ad
852 3169 1046 3201 Ecclesiam
1066 3167 1206 3201 Mediol.
1226 3166 1327 3200 Tom.

229 3211 272 3242 11.
299 3212 454 3254 Operum
478 3212 512 3244 S.
539 3213 713 3246 Ambrosii
738 3224 814 3258 pag.
839 3213 946 3257 965„
978 3213 1138 3258 idemque
1163 3213 1328 3258 praestitit

229 3255 351 3289 eodem
375 3268 465 3290 anno
482 3258 515 3289 S.
534 3258 736 3291 Ambrosius
758 3259 794 3290 in
813 3259 951 3303 Synodo
972 3260 1181 3300 Mediolon-5
1208 3271 1247 3293 ac
1273 3257 1333 3291 ‹le-

229 3313 326 3335 mum
344 3303 491 3346 piissimi
513 3305 739 3347 Imperatores
758 3304 993 3345 Theodosius,
1021 3309 1052 3338 ἃ
1072 3305 1242 3339 Arcadius
1260 3305 1332 3338 suis

232 3348 364 3391 tegibus
389 3347 496 3395 hujus
511 3348 752 3385 haeresiarchas
777 3348 963 3394 discipulos
983 3352 1142 3387 insectati
1171 3361 1256 3386 eunt>
1275 3361 1332 3385 eos

897 142 1305 194 'msSERTAT'Io
1339 145 1417 191 m,
1451 145 1580 191 CAP.
1613 144 1713 191 vll.

1442 228 1536 266 152.
1565 227 1606 265 Si
1634 228 1721 279 quis
1749 230 1875 263 autem
1904 222 2127 275 contendat,
2176 224 2397 280 Apostolum
2439 226 2494 267 lo-

1389 283 1458 333 qui
1486 282 1533 319 de
1573 277 1756 331 inaequali
1798 277 1919 328 gloria
1947 291 2150 332 corporum
2181 281 2219 319 in
2256 285 2496 327 resurrectio-

1393 347 1441 371 ne
1458 365 1468 381 ,
1497 346 1573 373 11011
1593 331 1800 371 admodum
1821 332 2066 382 repugnabo:
2095 333 2159 370 sed
2188 347 2277 371 cum
2299 334 2382 373 haec
2404 349 2497 373 non-

1393 388 1466 424 nisi
1496 387 1545 425 ab
1573 387 1714 424 animae
1743 383 1865 435 gloria
1892 385 2088 433 dimanet,
2134 386 2165 423 si
2195 384 2263 424 illa
2291 387 2498 441 inaequalis

1393 449 1472 488 est,
1502 442 1617 477 etiam
1646 439 1787 476 auimae
1815 435 1977 488 gloriam
1998 465 2009 486 ‚
2038 448 2127 489 quae
2155 451 2178 475 a
2206 440 2348 479 visione
2375 442 2498 481 heati-

1389 493 1466 530 fica
1493 494 1637 538 oritur,
1667 488 1898 543 inaequalem
1926 504 2004 528 esse
2030 492 2300 543 consequitur.

1447 544 1537 583 ³53.
1567 543 1752 582 Praeterea
1780 545 1881 581 idem
1903 543 2100 595 Apostolus
2130 543 2291 583 Roman.
2314 544 2363 584 ΙΙ.
2393 542 2433 585 6.
2453 544 2500 585 de

1390 597 1474 636 Deo
1501 598 1614 635 dicit:
1645 601 1710 648 qui
1728 596 1863 635 reddet
1891 600 2102 647 unicuique
2129 597 2347 636 secundum
2375 611 2500 650 opera

1390 653 1502 703 ejus,
1532 650 1565 686 8t
1592 662 1624 688 1.
1653 649 1825 689 Corinth.
1846 650 1913 688 111.
1942 649 1983 687 8.
2003 655 2267 702 unusquisque
2294 657 2500 703 propriam

1389 703 1616 742 mercedem
1637 707 1804 754 accipiet
1832 701 2051 740 secundum
2078 717 2191 741 suum
2222 703 2397 743 laborem
2418 720 2431 743 .·
2462 705 2498 743 ἃ

1392 770 1427 795 2.
1457 756 1504 795 ad
1531 756 1703 796 Corinth.
1723 756 1794 795 IX.
1824 755 1865 794 6.
1893 759 1959 806 qui
1983 767 2107 805 parce
2134 760 2339 806 seminat,
2375 770 2498 810 parce

1388 811 1437 850 <9⁴
1466 818 1617 854 meten
1646 824 1733 863 quae
1763 810 1945 848 sententia
1965 811 2106 860 saepius
2135 812 2176 849 in
2205 812 2245 849 S.
2274 811 2410 849 litteris
2439 825 2498 849 re-

1389 865 1504 916 petita
1532 873 1659 915 aperte
1680 864 1848 911 indicat,
1878 862 1913 900 8<
1933 864 2040 901 varia
2067 876 2166 912 esse,
2195 877 2240 903 ac
2259 864 2408 903 diversa
2428 862 2495 902 ho-

1390 918 1539 954 minum
1566 917 1731 965 merita,
1774 917 1814 954 -&
1843 917 1991 954 variam
2022 916 2113 953 item
2142 917 2334 967 futuram,
2381 926 2497 968 atque

1386 969 1578 1007 diversam
1607 970 1818 1008 mercedem
1837 999 1847 1017 ‚
1872 969 2021 1007 scilicet
2051 969 2123 1006 Dei
2153 970 2361 1009 visionem.

1448 1023 1535 1067 154.
1565 1023 1733 1061 Demum
1775 1023 1907 1062 eadem
1936 1021 2047 1060 debet
2072 1035 2152 1058 esse
2181 1024 2278 1061 ratio
2305 1022 2462 1076 praemii
2481 1051 2495 1072 ,

1389 1074 1424 1112 &
1454 1089 1608 1128 poenae3
1640 1077 1744 1130 atqui
1765 1077 1804 1114 in
1832 1077 1947 1114 sacris
1967 1075 2104 1112 litteris
2119 1075 2317 1115 diversum
2347 1090 2418 1130 pro
2438 1077 2498 1114 di-

1390 1130 1562 1167 versitate
1604 1131 1813 1168 criminum
1843 1130 2019 1167 futurum
2056 1141 2134 1166 esse
2163 1129 2398 1182 supplicium
2437 1129 2504 1167 lu-

1389 1181 1645 1221 culentissime
1673 1183 1833 1221 traditur
1853 1208 1865 1220 .
1914 1179 2073 1232 Apocal.
2095 1181 2243 1220 XVIII.
2288 1196 2325 1235 7.
2359 1182 2499 1234 Quan-

1386 1245 1473 1273 tum
1500 1236 1734 1288 glorificavit
1762 1249 1826 1284 se,
1873 1234 1923 1275 (θ’
1950 1238 1994 1270 in
2022 1233 2173 1272 deliciis
2188 1234 2300 1287 fuit,
2337 1244 2500 1275 tantum

1388 1287 1482 1338 date
1510 1289 1565 1326 illi
1593 1298 1833 1327 tormentum
1861 1288 1911 1328 <9⁶
1940 1288 2085 1325 luctum
2103 1301 2117 1324 .·
2146 1297 2235 1339 ergo
2263 1288 2334 1327 &c-

1447 1342 1534 1380 155.
1560 1341 1675 1381 Proh.
1702 1342 1870 1380 secundo
1886 1353 1932 1378 ex
1960 1341 2098 1378 sanctis
2115 1339 2295 1378 Patribus
2313 1367 2323 1379 .
2353 1342 2394 1379 S.
2426 1340 2497 1379 Po.

1386 1393 1568 1447 lycarpus
1597 1397 1670 1447 (in
1690 1396 1794 1434 Act-is
1815 1395 1897 1445 ejus
1918 1392 2098 1445 Martyrii
2121 1407 2159 1431 11.
2184 1406 2245 1431 10.
2275 1395 2378 1445 apud
2400 1393 2500 1434 Rui-

1387 1457 1469 1484 nart
1498 1449 1602 1485 Acta
1643 1458 1874 1499 martyrum
1901 1451 2062 1484 sincero.
2091 1445 2107 1495 )
2136 1449 2180 1484 -in
2215 1459 2340 1498 agone
2366 1447 2497 1486 decer-

1387 1507 1491 1536 tans:
1541 1505 1687 1537 merita
1715 1514 1836 1548 mea,
1880 1498 2078 1552 inquiebat
2095 1528 2106 1548 ,
2144 1498 2289 1536 doloris
2317 1504 2502 1538 oestima-

1387 1555 1494 1588 tione
1521 1551 1694 1601 pensabo
1715 1578 1726 1589 .
1761 1554 1922 1602 Quanto
1941 1555 2127 1603 graviora
2154 1553 2376 1602 pertulero,
2405 1563 2499 1591 tan-

1387 1612 1427 1641 to
1455 1609 1627 1656 praemia
1656 1606 1820 1656 majora
1849 1608 2067 1655 percipiam
2091 1629 2102 1641 .

1448 1657 1535 1695 156.
1564 1658 1605 1696 S.
1635 1658 1802 1696 Irenaeus
1837 1657 1927 1696 Lib.
1948 1657 2016 1695 IV.
2059 1669 2147 1708 cap.
2174 1655 2234 1694 13.
2279 1670 2316 1695 n.
2338 1658 2376 1696 3.
2407 1658 2500 1696 Plus

1390 1709 1525 1746 Deum
1546 1709 1759 1760 diligamus
1775 1739 1786 1757 ‚
1816 1711 1893 1755 ait3
1923 1718 2074 1760 quanto
2091 1718 2231 1747 autem
2259 1711 2346 1760 plus
2365 1710 2502 1749 Deum

1383 1759 1673 1809 dilexerimus,
1704 1761 1774 1798 hoc
1802 1763 2004 1814 majorem
2034 1760 2086 1798 ab
2114 1775 2160 1798 eo
2188 1763 2364 1812 gloriam
2393 1760 2500 1802 cicci-

1389 1818 1539 1866 piemus
1555 1842 1565 1852 .
1596 1814 1880 1852 Tertullianum
1899 1844 1910 1863 ,
1939 1813 1973 1849 8(
1992 1813 2308 1865 ‚Chrysestomum
2327 1815 2408 1867 jam
2430 1831 2498 1855 au⁴

1389 1868 1556 1905 divimus
1574 1882 1583 1913 3
1612 1868 1872 1919 Hieronymus
1891 1875 2018 1904 autem
2040 1867 2186 1904 duobus
2206 1868 2360 1920 integris
2389 1869 2504 1908 libris

1390 1920 1492 1958 hunc
1510 1951 1520 1968 ‚
1551 1921 1721 1973 aliosque
1739 1920 1931 1958 Joviniani
1953 1931 2095 1958 errores
2124 1920 2355 1959 confutavit.
2387 1923 2418 1960 A
2440 1934 2504 1961 ce·

1389 1975 1478 2012 teris
1508 1973 1736 2011 recensendis
1757 1973 2010 2025 supersedeo3
2039 1986 2097 2011 res
2117 1973 2221 2011 enim
2241 1975 2359 2013 nimis
2387 1988 2501 2028 aper·

1389 2035 1427 2065 ta
1457 2040 1523 2079 per
1551 2041 1590 2065 se
1619 2035 1698 2066 est.

1447 2081 1534 2131 ¹57·
1561 2080 1678 2118 Prob.
1703 2082 1816 2119 tertio
1842 2092 1889 2118 ex
1916 2077 2122 2118 Conciliis.
2168 2078 2362 2120 Joviniani
2393 2082 2499 2120 enim

1387 2146 1532 2171 errores
1556 2134 1684 2185 primo
1713 2148 1735 2172 a
1763 2134 1903 2172 Sit-icio
1931 2134 1972 2172 in
2001 2131 2176 2172 Concilio
2208 2132 2400 2182 Romaim,
2433 2135 2500 2173 de-

1386 2186 1473 2224 inde
1501 2201 1524 2225 a
1546 2186 1592 2224 S.
1625 2186 1825 2227 Ambrosio
1866 2188 1907 2225 in
1935 2186 2093 2238 Synodo
2121 2184 2403 2225 Mediolanensi
2432 2187 2502 2226 da-

1387 2240 1509 2278 mnati
1538 2248 1652 2278 sunt.
1710 2239 1794 2278 Post
1822 2248 1949 2278 autem
1979 2249 2100 2278 nostra
2137 2237 2330 2277 catholica
2359 2240 2500 2280 veritas

1388 2293 1428 2329 in
1448 2292 1595 2331 duobus
1612 2294 1861 2332 oecumenicis
1880 2292 2060 2331 Conciliis
2076 2291 2299 2330 Florentino
2314 2322 2326 2342 ,
2356 2292 2389 2330 &
2411 2292 2500 2331 Tri-

1388 2345 1540 2383 dentino
1567 2344 1782 2384 solemniter
1823 2345 1979 2384 definita
2009 2346 2109 2384 fuit.
2158 2343 2333 2384 Primum
2377 2347 2502 2399 siqui-

1388 2398 1475 2436 dem
1504 2399 1544 2436 in
1573 2397 1730 2437 decreto
1757 2403 1915 2437 unionis
1942 2400 2095 2447 statuit,
2133 2397 2378 2437 Sanctorum
2405 2403 2496 2437 ani-

1390 2464 1481 2488 mas
1495 2455 1536 2488 in
1551 2452 1694 2489 coelum
1711 2465 1808 2489 mox
1836 2455 1955 2501 recipi
1971 2481 1982 2500 ,
2011 2452 2061 2494 ὠ*
2080 2455 2221 2489 intueri
2236 2452 2347 2490 clare
2363 2456 2496 2503 ipsum

1388 2503 1524 2543 Deum
1552 2508 1702 2542 trinum
1720 2534 1730 2552 ‚
1760 2505 1810 2546 ἴθ’
1839 2517 1962 2542 unum
1974 2535 1989 2554 ,,
2018 2519 2089 2556 pro
2117 2509 2348 2543 meritorum
2377 2506 2504 2544 (liver-

1391 2561 1508 2596 sitate
1535 2559 1661 2596 alium
1681 2559 1761 2596 alio
1788 2556 2028 2610 perfectius.
2058 2560 2100 2598 In
2121 2558 2345 2598 Tridentino
2373 2569 2501 2599 autem

1384 2610 1629 2650 anathemate
1657 2610 1878 2663 percellitur
1906 2613 2144 2664 quicumque
2173 2611 2345 2659 dixerit,
2374 2611 2499 2649 homi·

1391 2677 1487 2702 nem
1511 2664 1780 2717 justificatum
1808 2677 1887 2702 non
1902 2668 2054 2702 mereri
2081 2665 2220 2717 glorioe
2239 2674 2504 2717 augmentum

1385 2730 1462 2767 ¹per·
1490 2717 1593 2755 bona
1620 2731 1744 2769 opera
1773 2730 1849 2756 sua
1873 2717 1975 2756 Sess.
1997 2716 2065 2755 Vl.
2096 2731 2180 2755 can.
2203 2717 2268 2756 32.

1454 2770 1540 2810 158.
1570 2770 1726 2810 Accedit
1755 2771 1790 2809 8:
1813 2772 1916 2811 ratio
1942 2769 2151 2824 theologica
2167 2795 2178 2809 .
2216 2771 2327 2809 Visio
2352 2771 2505 2810 beatifi-

2404 2839 2451 2863 ca

1386 2931 1429 2968 ad
1455 2931 1591 2966 deserta
1627 2932 1703 2966 loca
1728 2933 1945 2978 relegantes.
1989 2930 2163 2966 Honorius
2198 2942 2282 2965 vero
2309 2929 2496 2965 Theodosii

1386 2981 1476 3014 filins
1501 2979 1727 3012 Jovinianum
1752 2981 1945 3024 plumbatis
1969 2980 2068 3023 prius
2094 2986 2279 3010 contusum
2304 2990 2395 3011 anno
2415 2977 2497 3019 412.

1387 3028 1422 3059 111
1443 3027 1546 3058 Boam
1565 3026 1749 3059 Dalmatiae
1771 3027 1921 3060 insulam
1946 3023 2148 3057 amandavit
2165 3045 2176 3063 ,
2201 3024 2228 3056 si
2257 3036 2339 3057 vera
2365 3032 2416 3057 est
2441 3024 2499 3059 lex

1386 3072 1523 3106 Codicis
1543 3070 1775 3106 Theodosiani
1798 3073 1874 3106 Lib.
1900 3072 1997 3105 XVI.
2017 3070 2071 3102 tit.
2093 3070 2123 3102 5.
2150 3072 2193 3103 cle
2213 3071 2398 3104 Haereticis
2415 3082 2496 3115 pag.

1390 3119 1468 3162 174.
1496 3117 1561 3151 Sed
1585 3118 1650 3150 hac
1678 3118 1717 3150 de
1745 3130 1780 3150 re
1805 3116 1989 3155 dubitandi
2009 3114 2277 3150 fundamentum
2302 3117 2435 3162 praebet
2460 3119 2495 3149 S.

1384 3166 1526 3198 Hieron.
1554 3164 1589 3196 in
1615 3165 1691 3197 Lib.
1720 3164 1798 3197 adv.
1827 3163 2088 3208 vigilantium,
2121 3174 2303 3204 asserens,
2339 3162 2498 3196 Jovinia-

1384 3222 1469 3244 num
1488 3222 1566 3243 ann.
1585 3210 1664 3252 400.
1690 3211 1841 3251 obiisse5
1866 3213 1900 3242 ἀ
1924 3208 2070 3243 ulterius
2090 3209 2144 3242 lex
2172 3211 2233 3243 illa
2254 3210 2397 3243 Honor-ii
2418 3209 2497 3241 Me-

1386 3256 1513 3290 diolani
1533 3255 1614 3288 data
1632 3257 1760 3300 legitur
1775 3278 1787 3297 ‚
1813 3267 1893 3291 cum
1910 3264 2027 3292 tamen
2046 3256 2220 3291 Honorius
2239 3269 2294 3290 an.
2313 3255 2353 3299 41
2370 3266 2399 3287 2.
2426 3254 2497 3289 Ra-

1387 3314 1507 3338 vennae
1532 3301 1669 3347 degeret
1686 3326 1694 3333 .
