2577 3633
319 139 374 182 80

255 228 331 253 non
363 225 450 251 tunc
471 211 643 250 Verbum
674 211 858 265 incepisse
876 242 886 261 ‚
917 212 979 250 sed
1000 221 1108 249 antea
1128 212 1205 262 jam
1230 213 1363 251 fuisse.

316 268 401 317 159.
431 266 542 313 Quod
573 268 602 303 si
633 265 745 302 etiam
767 266 902 303 Socino
922 267 1193 312 concedamus,
1223 265 1363 303 voluis-

251 334 290 356 se
311 320 350 356 S.
373 319 653 371 Evangelistam
686 318 879 356 historiam
910 334 918 356 1
961 320 997 356 vi
1018 318 1152 355 mundi
1182 319 1357 370 spiritua-

249 371 296 409 lis
326 381 449 409 texere
467 403 477 421 ,
507 372 830 425 quemadmodum
861 334 1012 423 Mliyses
1041 380 1277 409 contexuerat
1298 372 1357 410 hi-

248 426 402 462 storiam
433 426 569 463 mundi
599 426 833 472 materialis,
867 425 960 475 quid
990 425 1076 460 inde
1105 434 1234 462 contra
1263 425 1357 463 nos?

249 477 346 515 Satis
375 480 478 516 enim
508 479 615 516 nobis
645 488 715 525 est,
746 479 845 529 quod
875 490 978 514 sacer
998 478 1156 528 scriptor
1184 477 1295 516 altius
1316 494 1356 515 a-

249 533 454 579 scendens,
491 547 606 584 quam
638 541 709 568 tres
739 531 805 567 alii
835 529 1114 581 Evangelistoe,
1157 533 1355 568 exordium

245 599 327 621 suae
357 587 581 623 narrationis
610 585 658 621 ab
688 592 827 620 oeterna
855 583 994 620 Christi
1023 583 1177 621 Domini
1209 584 1354 622 Nativi-

246 647 321 675 tate
351 640 580 690 sumpserit,
610 651 686 688 qua
715 646 794 673 erat
823 637 925 687 apud
947 636 1091 674 Patrem
1111 667 1121 685 ,
1151 648 1352 689 antequam

247 692 288 728 in
322 691 389 728 hoc
419 691 561 727 inundo
589 698 789 742 appareret
819 702 915 726 caro
933 689 1103 742 factus.

307 745 391 788 140.
422 744 480 780 Ad
509 744 718 781 secundum
736 769 746 779 .
777 743 859 780 Non
880 743 1002 780 solum
1023 754 1182 790 temere,
1212 752 1255 781 ac
1276 744 1353 781 sine

245 796 325 832 ullo
354 796 597 833 fundamento
615 826 624 844 ‚
653 797 715 832 sed
746 798 870 848 inepte
899 798 1081 844 omnino,
1111 796 1144 832 8(
1175 797 1268 834 falso
1289 810 1352 834 vo-

243 864 328 886 cem
348 847 642 901 Verbiexplicat
661 849 818 886 Faustus
851 849 1117 902 metaphorice
1135 881 1144 898 ,
1175 860 1237 887 aut
1271 863 1352 886 me-

243 906 446 954 tonymice
464 933 474 951 ,
514 903 615 954 quod
645 903 748 940 Deus
777 916 844 954 per
871 902 1066 941 Christum
1096 902 1257 941 voluerit
1286 916 1353 939 no-

242 956 299 994 bis
319 971 426 993 suam
440 957 688 993 manifestare
708 954 938 994 voluntatem
953 986 963 1004 ‚
995 958 1183 1008 quomodo
1202 957 1258 994 J0.
1280 956 1351 993 Ba-

241 1011 355 1061 ptista
384 1010 504 1047 dictus
535 1010 606 1047 fuit
637 1007 754 1057 Vox,
785 1009 818 1044 &
849 1008 974 1047 Aaron
1007 1009 1064 1046 Os
1094 1009 1276 1061 llffoysis.
1307 1009 1348 1047 Si

242 1064 344 1099 enirn
378 1076 432 1099 res
463 1064 511 1100 ita
541 1078 577 1100 se
608 1062 789 1110 haberet,
820 1075 891 1100 non
923 1062 1045 1099 solum
1075 1063 1242 1099 Christus
1274 1062 1350 1099 Do-

241 1117 390 1163 minus,
421 1117 483 1153 sed
513 1116 676 1168 quilibet
705 1115 889 1167 Propheta
907 1146 917 1163 ,
947 1116 982 1151 8(
1011 1114 1173 1166 quilibet
1197 1118 1349 1167 Aposto-

241 1169 299 1206 lus
317 1199 326 1216 ,
357 1169 417 1207 vel
449 1184 552 1208 sacer
580 1171 766 1221 scriptor,
796 1171 863 1220 qui
885 1169 993 1205 nobis
1015 1169 1088 1205 Dei
1119 1169 1349 1206 voluntatem

241 1223 495 1274 patefaceret,
527 1233 645 1275 posset
679 1220 848 1259 Verbum
878 1221 955 1258 Dei
985 1221 1201 1272 appellari3
1239 1221 1348 1272 cnjus

242 1275 508 1328 appellationis
552 1275 702 1313 nullum
732 1272 875 1311 certum
920 1276 1084 1325 proferet
1126 1274 1346 1326 exemplum

240 1343 285 1365 ex
316 1332 428 1366 sacris
458 1330 613 1376 litteris,
645 1331 721 1366 imo
751 1341 872 1378 neque
902 1326 950 1363 ab
971 1326 1256 1374 ecclesiasticis,
1286 1327 1346 1364 vel

238 1383 406 1433 profanis
434 1381 681 1432 scriptoribus
711 1380 977 1432 depromptum
996 1406 1006 1417 .
1041 1380 1214 1417 Secundo
1245 1381 1344 1417 idem

238 1434 278 1471 S·
308 1433 548 1484 Evangelista
592 1435 631 1470 in
663 1432 893 1485 Apocalypsi
937 1447 1022 1485 cap.
1053 1433 1163 1470 XIX.
1199 1434 1257 1471 15.
1301 1434 1346 1471 de

238 1487 324 1524 Jesu
344 1487 491 1524 Christo
518 1487 698 1538 loquens,
729 1500 843 1538 quem
873 1485 1076 1536 gloriosum
1101 1488 1191 1523 vidit
1214 1488 1252 1524 in
1271 1502 1347 1524 coe-

232 1540 301 1588 do,
333 1541 479 1592 inquit:
523 1539 579 1577 Ec
608 1539 820 1577 rocubizrnr
848 1552 996 1575 nomen
1027 1541 1111 1591 ejus
1143 1538 1346 1584 Verbum,-

235 1595 337 1644 quod
368 1595 504 1631 frustra
533 1593 760 1631 tribueretur
775 1593 921 1631 Christo
936 1592 1203 1644 singulariter,
1233 1595 1261 1631 si
1284 1607 1347 1631 no—

236 1661 323 1684 men
352 1649 523 1686 muneris
553 1657 668 1695 esset,
698 1660 772 1684 non
803 1659 890 1686 vero
917 1645 1090 1683 Personae
1110 1674 1119 1684 .
1151 1647 1278 1684 Tertio
1306 1661 1346 1683 o-

236 1702 365 1748 mnia,
395 1715 481 1752 quae
513 1701 557 1738 (le
587 1700 657 1737 hoc
686 1699 815 1737 Verbo
844 1715 865 1736 a
894 1698 934 1736 S.
964 1699 1102 1737 Joanne
1133 1701 1346 1750 praedican-

237 1764 319 1801 tur,
349 1763 476 1805 aperte
505 1755 781 1799 demonstrant,
812 1753 937 1803 ipsum
967 1767 1044 1790 esse
1074 1767 1202 1790 veram
1220 1753 1346 1790 Perso-

236 1819 348 1853 nam,
380 1808 563 1843 nimirum
594 1807 706 1842 fuisse
734 1805 835 1855 apud
866 1804 991 1841 Deum
1010 1835 1020 1852 ,
1051 1805 1166 1842 fuisse
1196 1806 1345 1854 Deum,

237 1861 366 1897 omnia
394 1873 461 1910 per
491 1860 615 1910 ipsum
649 1859 746 1896 facta
775 1871 874 1903 esse,
903 1870 946 1893 ac
975 1858 1129 1894 demum
1159 1860 1285 1908 ipsum
1317 1860 1346 1895 i-

238 1913 324 1949 dem
344 1912 497 1949 factum
529 1925 604 1948 esse
633 1925 787 1949 carnem
805 1937 814 1947 .
845 1910 943 1955 Quae
965 1911 1095 1947 omnia
1116 1910 1346 1961 metaphori-

237 1979 281 2002 ce
299 1995 308 2013 ,
339 1974 399 2002 aut
429 1965 684 2016 metonymice
711 1965 810 2001 dicta
840 1977 914 1999 esse
943 1963 989 2000 de
1017 1962 1165 2001 Christo
1193 1973 1346 2015 propter

237 2033 375 2057 munus
405 2018 511 2054 nobis
540 2017 806 2054 manifestandi
836 2015 1065 2052 voluntatem
1096 2017 1234 2064 Patris,
1279 2030 1343 2053 ne-

238 2073 334 2109 mini
365 2070 524 2107 Socinus
550 2084 620 2106 sua
649 2069 867 2106 auctoritate
896 2069 1164 2118 persuadebit.

280 2123 381 2168 2141.
415 2123 469 2159 Ad
500 2124 652 2160 tertium
670 2152 680 2170 ,
711 2130 872 2172 nugatur
893 2120 1052 2158 Socinus
1071 2152 1080 2169 ,
1110 2122 1202 2158 dum
1226 2121 1343 2170 illud,

236 2177 335 2228 quod
366 2176 405 2213 S.
435 2176 594 2213 Joannes
623 2176 746 2223 dicit,
793 2177 834 2210 in
862 2178 1051 2226 principio
1081 2172 1216 2226 fuisse
1248 2173 1344 2212 Ver-

236 2230 328 2267 bum
356 2228 461 2279 apusl
489 2228 623 2267 Deum
654 2231 703 2266 ita
744 2230 1036 2279 interpretatur,
1086 2230 1122 2265 in
1152 2229 1344 2279 principio

236 2284 516 2336 praedicationis
552 2283 609 2320 J0.
640 2283 817 2334 Baptistae
859 2283 1023 2318 extitisse
1064 2282 1219 2333 quidem
1263 2280 1343 2331 jam

236 2337 457 2383 Christum,
505 2337 568 2374 sed
600 2337 710 2373 fuisse
740 2334 845 2385 apud
873 2333 1032 2382 Deum,
1080 2335 1173 2372 idest
1210 2343 1342 2372 notum

235 2390 307 2429 soli
327 2391 433 2427 Deo.
465 2390 588 2427 Nimis
619 2391 720 2427 enim
751 2396 897 2426 remota
926 2397 1003 2436 est,
1034 2387 1066 2423 8(
1096 2402 1117 2425 a
1145 2389 1344 2425 communi

238 2444 418 2496 loquendi
449 2457 518 2480 usu
548 2443 696 2494 penitus
725 2442 849 2480 aliena
877 2441 961 2479 haec
992 2440 1217 2493 explicatio.
1248 2441 1345 2487 Quis

238 2501 341 2535 enim
361 2527 371 2545 ,
414 2497 577 2544 amabo,
622 2497 669 2533 ad
699 2495 990 2546 significandum
1021 2508 1079 2532 ex.
1108 2508 1164 2546 gr.
1207 2493 1344 2544 judicii

237 2552 339 2589 diem
370 2565 445 2587 esse
474 2550 542 2587 soli
572 2550 654 2586 Deo
683 2558 831 2597 notam,
876 2548 932 2586 his
960 2548 1117 2586 vocibus
1155 2556 1345 2584 uteretur:

239 2604 379 2641 Jurlicic'
409 2603 490 2641 dies
519 2612 576 2640 est
598 2602 704 2653 apud
723 2601 856 2639 Deum
871 2601 894 2638 ‚9
924 2603 1059 2639 Inscite
1081 2614 1230 2652 prorsus
1252 2601 1345 2637 fuis-

240 2657 347 2695 setS.
365 2656 602 2707 Evangelista
632 2657 801 2704 locutus,
831 2656 861 2692 si
889 2668 956 2692 nos
984 2655 1118 2692 docere
1147 2653 1344 2701 voluisset,

238 2710 431 2748 Christum
450 2740 460 2758 ,
490 2710 557 2762 qui
587 2709 665 2760 jam
695 2719 773 2746 erat
802 2710 840 2746 in
870 2708 1036 2756 mundo,
1072 2708 1186 2745 fuisse
1216 2715 1344 2744 notum

243 2763 311 2801 soli
333 2764 415 2801 Deo
433 2794 442 2811 ,
473 2763 654 2800 dicendo:
684 2762 736 2799 Et
757 2761 927 2800 Verbum
956 2771 1044 2799 erat
1064 2760 1171 2811 apud
1190 2759 1345 2798 Deum.

241 2818 340 2855 Sane
357 2847 367 2865 ,
397 2817 549 2869 quando
577 2816 706 2867 paullo
736 2818 894 2853 inferius
915 2816 952 2853 id
969 2817 1184 2867 exprimere
1205 2813 1344 2861 voluit,

241 2871 355 2908 obvia
373 2902 383 2918 ,
412 2869 666 2921 omnibusque
695 2868 933 2921 intelligibili
966 2868 1091 2920 phrasi
1114 2882 1200 2905 usus
1229 2875 1346 2914 esset,

243 2924 390 2961 divetis:
438 2923 485 2960 Ιη
517 2923 663 2959 mundo
693 2932 807 2970 erat,
849 2923 898 2963 ἔθ’
928 2922 1098 2959 mundus
1140 2934 1229 2957 eum
1267 2933 1348 2957 non

244 2982 440 3026 coguovit.
470 2976 640 3013 Ulterius
662 2975 799 3013 falsum
823 2986 897 3024 est,
929 2977 1039 3013 initio
1068 2974 1349 3027 praedicationis

244 3029 285 3066 S.
314 3030 369 3066 J0.
400 3029 573 3081 Baptistae
605 3031 717 3067 fuisse
747 3029 938 3067 Christum
970 3028 1040 3066 soli
1072 3029 1153 3066 Deo
1190 3035 1347 3064 notum.

243 3081 330 3119 Jaxn
359 3085 462 3118 enim
490 3084 609 3120 multo
631 3093 736 3120 antea
758 3085 968 3120 innotuerat
989 3081 1204 3119 pastoribus
1221 3111 1230 3129 ,
1262 3079 1347 3118 Ma-

243 3136 300 3186 gis
317 3164 328 3180 ,
358 3134 552 3172 Zachariae
572 3166 582 3182 ,
612 3136 807 3174 Elisabeth
825 3167 835 3183 ,
866 3137 1034 3174 Simeoni
1050 3166 1059 3183 ,
1096 3134 1321 3171 Doctoribus
1338 3163 1349 3181 ,

244 3202 334 3226 cum
378 3187 515 3238 quibus
543 3190 776 3239 disputavit,
825 3189 859 3225 δε
890 3190 1038 3226 fortasse
1083 3189 1195 3225 etiam
1238 3187 1351 3235 aliis,

245 3249 386 3294 praeter
415 3241 664 3278 sanctissimos
693 3243 773 3293 ejus
802 3253 971 3295 parentes
1001 3242 1168 3280 Mariam
1187 3271 1197 3290 ,
1228 3240 1351 3278 &'Jo-

245 3294 407 3346 sephum
425 3320 433 3330 .

306 3347 391 3392 142.
421 3346 555 3398 Neque
584 3345 683 3387 valet
713 3348 932 3399 exemplum
970 3348 1128 3387 allatum
1160 3361 1205 3385 ex
1235 3348 1349 3387 Lucae

1012 131 1410 176 mssER‘rA'rro
1444 129 1521 174 111.
1575 110 1703 175 cip.
1737 129 1792 172 v.

1432 226 1518 263 cap.
1540 213 1586 249 Π.
1604 241 1614 258 ,
1643 210 1743 261 quod
1763 208 1870 246 Jesus
1897 207 2128 261 proficiebat
2157 213 2356 262 sapiencia
2372 243 2382 261 ,
2412 211 2462 253 εἴ)
2480 223 2535 252 α’.

1431 273 1543 313 trite,
1573 266 1621 304 ς’»)
1649 266 1785 314 gratia
1816 262 1922 311 apud
1940 262 2072 300 Deum
2090 294 2100 312 ,
2129 266 2178 305 ζῇ*
2207 265 2414 310 homin-955
2443 281 2534 319 quae

1431 320 1533 355 enim
1566 317 1626 354 hic
1657 316 1705 353 ab
1735 314 1977 364 Evangelista
2006 315 2110 353 Luca
2152 319 2366 367 adduntur,
2415 322 2538 370 perio·

1425 370 1536 408 cham
1565 371 1722 407 omnino
1763 368 1908 406 claram
1939 367 2135 416 efficiunt,
2179 379 2217 406 ut
2246 371 2504 423 intelligamus
2524 403 2535 422 ,

1424 423 1551 461 Jesum
1581 422 1773 459 Christum
1804 422 1964 459 crevisse
1995 430 2130 468 aetate,
2172 436 2356 475 suamque
2385 427 2532 478 sapien-

1424 478 1517 513 tiam
1540 505 1550 522 ,
1581 477 1613 511 ἃ
1642 475 1801 526 gratiam
1819 504 1830 522 ‚
1859 488 1947 525 quae
1964 474 2046 511 Deo
2068 483 2150 512 nota
2170 474 2248 525 jam
2280 486 2384 525 erat,
2415 481 2532 518 etiam

1423 528 1641 566 hominibus
1671 528 1946 565 manifestasse.
1976 527 2035 564 Ex
2064 529 2232 580 opposito
2261 537 2413 578 autem,
2443 545 2532 570 non-

1421 581 1647 618 nisiSocino
1677 582 1900 632 interprete,
1932 579 2100 618 homines
2131 580 2342 633 intelligere
2363 596 2532 635 unquam

1422 642 1649 684 potuerunt,
1681 635 1764 671 ideo
1797 633 1966 671 Verbum
1997 635 2034 670 in
2065 636 2254 686 principio
2282 637 2399 674 fuisse
2427 637 2533 686 apud

1422 686 1554 723 Deum
1573 718 1583 734 ,
1613 689 1704 740 quia
1733 685 1802 725 soli
1826 687 1905 724 Deo
1935 697 2012 723 erat
2031 688 2220 738 cognitum
2238 714 2248 724 .
2280 688 2536 727 Attendendus

1422 749 1475 777 est
1505 748 1631 777 autem
1661 749 1756 777 totus
1777 739 2032 791 Evangelistae
2063 749 2281 788 contextus,
2311 743 2378 794 qui
2407 752 2535 795 postea.

1423 794 1553 842 addit,
1585 795 1634 833 Θ
1664 792 1775 831 Deus
1804 803 1892 830 erar
1923 791 2094 830 Verbum
2186 793 2240 831 Et
2264 793 2433 832 Verbum
2463 809 2533 833 ca-

1422 859 1466 884 ro
1482 844 1650 897 filetum
1680 856 1763 895 est,
1810 846 1858 886 (9¹
1887 845 2076 883 habitavit
2110 850 2152 883 ἰη
2181 847 2314 885 nohis,
2365 849 2462 895 Quae
2492 862 2534 885 o-

1419 901 1527 937 mnia
1556 899 1671 951 plana
1700 909 1810 947 sunt,
1857 901 1888 937 si
1917 900 1964 936 de
1994 909 2135 937 aeterna
2170 900 2292 938 divini
2322 900 2441 939 Verbi
2470 915 2534 952 ge-

1419 955 1611 991 neratione
1630 984 1639 1001 ‚
1671 952 1917 1005 ejusdemque
1945 952 2146 1005 temporali
2166 955 2360 992 nativitate
2390 953 2532 993 intelli-

1419 1015 1555 1057 gantur
1572 1034 1583 1044 .

1479 1060 1565 1105 145.
1595 1059 1655 1097 Ad
1683 1068 1863 1112 quartum
1893 1059 1972 1111 jam
2003 1073 2048 1097 ex
2077 1062 2252 1112 superius
2281 1061 2389 1100 (lictis
2411 1076 2447 1099 n.
2466 1061 2529 1101 56.

1419 1111 1453 1148 8(
1482 1127 1583 1165 seq.‚
1625 1114 1920 1150 demonstratum
1962 1114 2118 1151 omnino
2148 1115 2246 1162 fuit,
2289 1128 2425 1153 nomen
2457 1115 2531 1153 Dei

1416 1168 1457 1203 in
1488 1180 1602 1214 vero,
1645 1167 1864 1218 )roprioque
1891 1166 2103 1217 significatu
2132 1168 2249 1205 fuisse
2277 1168 2363 1204 Jesu
2383 1168 2533 1206 Christo

1418 1221 1457 1256 in
1486 1222 1600 1256 sacris
1629 1182 1764 1256 litteris
1793 1221 1934 1271 saepius
1962 1219 2176 1265 tributum3
2206 1235 2249 1259 ac
2271 1223 2468 1272 praecipue
2488 1221 2530 1259 S.

1414 1272 1602 1319 Joannes‚
1646 1284 1721 1308 non
1751 1271 1873 1307 solum
1904 1273 1941 1308 in
1973 1271 2209 1322 EvangeliO,
2253 1275 2316 1310 sed
2346 1276 2459 1311 etiam
2489 1277 2530 1312 in

1415 1327 1541 1376 prima
1584 1338 1649 1360 sua
1679 1325 1786 1374 epist.
1817 1338 1902 1375 cap.
1933 1324 1999 1360 HI.
2030 1325 2123 1371 lto„
2172 1326 2239 1361 ubi
2278 1326 2324 1361 de
2352 1326 2527 1374 Chrism,

1413 1379 1481 1428 qui
1513 1386 1564 1414 est
1593 1378 1718 1427 ipsum
1748 1377 1924 1414 divinum
1953 1376 2082 1413 Verbo
2112 1388 2208 1413 caro
2224 1377 2392 1428 frictum
2410 1407 2420 1424 ,
2469 1380 2528 1416 in·

1413 1431 1519 1481 quit:
1550 1429 1627 1466 Hic
1657 1440 1714 1467 est
1743 1443 1853 1468 verus
1882 1428 2019 1477 Deus,
2049 1432 2128 1466 vita
2157 1439 2340 1467 aeterna.
2371 1430 2430 1468 Ex
2451 1444 2528 1482 quo

1414 1492 1541 1521 autem
1572 1483 1717 1521 alicubi
1746 1484 1895 1521 dicatur
1914 1513 1924 1531 ,
1956 1482 2025 1520 hoc
2047 1496 2184 1521 nomen
2201 1484 2273 1520 Dei
2289 1484 2404 1521 fuisse
2417 1483 2528 1521 Chri-

1415 1546 1470 1574 sto
1499 1541 1691 1575 (lonatum
1709 1568 1719 1585 ,
1748 1537 1916 1575 dubitari
1945 1549 2019 1574 non
2040 1545 2154 1588 potest
2174 1538 2219 1574 de
2241 1549 2352 1585 vera,
2382 1551 2425 1574 ac
2441 1550 2528 1574 con-

1414 1590 1653 1630 substantiali
1683 1590 1853 1642 ejusdem
1883 1590 2101 1636 divinitate3
2131 1605 2219 1628 cum
2241 1591 2363 1642 potius
2391 1589 2528 1628 debea-

1414 1658 1500 1682 mus
1528 1645 1576 1682 ab
1605 1646 1775 1696 opposito
1794 1643 1973 1696 colligere
1987 1665 2000 1692 ·,
2029 1644 2113 1680 ideo
2133 1644 2247 1681 fuisse
2265 1643 2430 1681 Domino
2452 1642 2528 1680 No-

1414 1706 1488 1735 stro
1516 1699 1603 1737 Jesu
1633 1698 1780 1736 Christo
1808 1698 1987 1735 donatum
2032 1711 2164 1734 nomen
2196 1697 2299 1743 Dei,
2346 1696 2447 1748 quod
2476 1705 2528 1733 est

1415 1764 1527 1801 super
1555 1765 1668 1790 omne
1697 1765 1857 1798 nomen,
1902 1751 1993 1803 quia
2023 1764 2132 1788 verus
2163 1751 2265 1788 Deus
2296 1758 2417 1796 erat,'
2442 1747 2476 1784 ἃ
2504 1764 2526 1786 a

1415 1802 1522 1839 Patre
1552 1818 1628 1840 una
1657 1818 1744 1841 cum
1766 1804 1895 1840 divina
1909 1813 2045 1840 natura
2065 1803 2136 1840 hoc
2156 1816 2291 1839 nomen
2307 1810 2525 1852 acceperat.

1474 1856 1560 1901 144.
1592 1856 1651 1893 Ad
1680 1858 1858 1907 quintum
1890 1857 2031 1907 pariter
2059 1856 2216 1902 inscite,
2247 1855 2280 1890 8<
2302 1867 2527 1906 supervaca-

1412 1922 1483 1945 nee
1514 1908 1656 1946 locutus
1686 1910 1815 1946 fuisset
1844 1908 1883 1945 S.
1913 1908 2097 1956 Joannes,
2141 1910 2171 1945 si
2201 1907 2298 1945 nihil
2329 1908 2432 1945 aliud
2463 1921 2526 1944 nos

1412 1961 1547 1998 docere
1577 1962 1780 2010 voluisset,
1810 1976 1927 2014 quam
1957 1963 2110 2010 omnia,
2145 1975 2232 2013 quae
2263 1963 2450 2013 pertinent
2479 1960 2525 1997 ad

1412 2016 1545 2052 mundi
1574 2015 1902 2067 redemptionem,
1944 2029 2007 2052 seu
2038 2016 2084 2052 ad
2113 2014 2355 2065 spiritualem
2393 2027 2524 2051 rerum

1412 2069 1723 2116 renovationem,
1772 2082 1839 2119 per
1866 2069 2061 2105 Christum
2093 2067 2383 2120 Redeenptorem
2425 2067 2525 2104 facta

1413 2133 1515 2167 esse,
1563 2121 1596 2156 8<
1626 2122 1707 2159 sine
1738 2122 1817 2171 ipso
1846 2120 1944 2158 nihil
1984 2135 2059 2159 esse
2089 2122 2258 2166 factum3
2302 2134 2390 2157 nam
2420 2133 2525 2157 mera

1412 2171 1497 2209 haee
1527 2181 1618 2210 esset
1647 2173 1876 2223 battologia,
1908 2187 2047 2223 nempe
2076 2175 2263 2210 mundum
2285 2174 2525 2224 redemptum

1413 2225 1527 2263 fuisse
1556 2240 1623 2277 per
1643 2225 1836 2263 Christum
1867 2224 1948 2276 ejus
1966 2224 2282 2277 Redemptoreni.
2312 2224 2446 2277 Neque
2462 2240 2526 2264 ve-

1413 2292 1455 2316 ro
1484 2279 1655 2316 alienum
1685 2287 1762 2316 erat
1791 2293 1813 2315 a
1841 2278 1882 2316 S.
1911 2278 2067 2316 Joannis
2096 2291 2233 2329 scopo,
2265 2278 2299 2313 8<
2328 2279 2526 2326 instituto,

1412 2341 1496 2370 ante
1537 2334 1669 2370 omnia
1711 2344 2012 2370 commemorare
2052 2332 2226 2371 divinam
2265 2332 2527 2383 Redemptoris

1412 2386 1546 2423 mundi
1575 2386 1759 2436 originem
1777 2415 1787 2432 ,
1819 2384 1852 2420 ἃ
1882 2394 2056 2423 naturam
2075 2417 2084 2434 ,
2118 2385 2256 2423 deinde
2286 2397 2373 2422 vero
2403 2386 2525 2422 maxi-

1413 2453 1520 2476 mum
1552 2439 1722 2491 ejusdem
1750 2438 1984 2477 beneficium
2002 2469 2012 2487 ,
2043 2453 2131 2477 cuin
2161 2451 2231 2491 pro
2259 2448 2379 2476 nostra
2407 2438 2527 2475 salute

1412 2506 1568 2530 carnem
1597 2506 1790 2531 assumere
1819 2493 1995 2543 dignatus
2025 2503 2097 2538 est3
2127 2501 2167 2530 ut
2195 2492 2247 2530 ita
2275 2492 2407 2529 ordine
2436 2505 2527 2528 sane

1413 2547 1581 2597 optimo,
1611 2546 1644 2582 &
1675 2545 1938 2597 pulcherrimo
1967 2547 2100 2584 mundi
2130 2545 2433 2598 redemptionem
2451 2574 2462 2592 ,
2492 2543 2527 2579 8e

1415 2601 1696 2637 renovationem
1724 2599 1977 2637 describeret.

1473 2653 1562 2698 145.
1592 2653 1651 2690 Ad
1680 2662 1913 2704 postremum
1941 2653 2042 2705 quod
2072 2655 2228 2700 attinet,
2275 2665 2350 2690 non
2380 2650 2527 2702 inficia-

1414 2705 1545 2743 bimur
1573 2706 1806 2755 socinianis,
1838 2720 1971 2745 vocem
1995 2705 2150 2756 ἐγένετο
2179 2707 2293 2744 fuisse
2321 2704 2528 2757 aliquando

1415 2769 1635 2811 usurpatam
1664 2773 1734 2811 pro
1751 2760 1868 2810 fuir,-
1900 2760 2106 2797 dummodo
2137 2759 2170 2795 &
2199 2760 2271 2811 ipsi
2301 2759 2410 2796 nobis
2438 2768 2527 2792 con-

1415 2812 1576 2861 cedant,
1605 2814 1706 2864 quod
1735 2814 1939 2866 plusquam
1970 2822 2117 2850 certum
2147 2823 2223 2860 est,
2258 2811 2429 2849 eamdem
2462 2822 2526 2846 vo-

1416 2878 1499 2901 cem
1528 2865 1649 2903 multo
1678 2867 1910 2919 frequentius
1940 2868 1980 2904 in
2009 2867 2121 2903 sacris
2150 2866 2281 2903 litteris
2310 2862 2526 2912 significare

1403 2916 1571 2967 fuctum
1601 2928 1680 2968 est,
1709 2935 1849 2971 nempe
1877 2935 1899 2957 a
1929 2919 2043 2956 verbo
2063 2916 2210 2966 γίνομαι
2227 2913 2293 2967 fio
2311 2942 2320 2951 .
2351 2915 2444 2952 'rota
2467 2929 2524 2952 er-

1416 2985 1463 3021 go
1491 2974 1742 3010 controversia
1772 2974 1811 3010 in
1842 2987 1884 3009 eo
1913 2973 2009 3017 erit,
2039 2983 2087 3006 an
2117 2969 2179 3005 hic
2208 2969 2335 3006 Sanct.
2365 2968 2526 3006 Joannes

1416 3023 1485 3061 illa
1514 3039 1603 3062 voce
1635 3039 1721 3062 usus
1763 3027 1808 3063 sit
1838 3028 1875 3063 in
1906 3024 2085 3075 proprio,
2134 3030 2244 3072 atque
2281 3023 2524 3060 usitatissimo

1418 3078 1632 3127 significatu
1650 3077 1716 3130 fio
1733 3109 1743 3127 ,
1774 3093 1823 3116 an
1852 3090 1941 3116 vero
1971 3078 2007 3112 in
2028 3078 2154 3112 minus
2176 3077 2308 3112 usitato
2328 3073 2524 3130 εἶμιςυτη.

1419 3131 1477 3168 Ad
1507 3130 1600 3168 hanc
1632 3145 1718 3169 vero
1747 3130 2036 3169 controversiam
2059 3129 2314 3166 dirimendam
2336 3139 2421 3167 satis
2442 3129 2524 3167 fue-
2576 3133 2577 3137 ’

1419 3185 1468 3221 rit
1495 3183 1723 3231 observare,
1753 3185 1880 3222 Sanct.
1909 3183 2092 3220 Joannem
2123 3183 2162 3219 in
2185 3185 2309 3234 prima
2338 3193 2442 3236 parte
2461 3198 2523 3220 ca—
2574 3226 2575 3233 ἵ

1420 3238 1507 3288 pitis
1537 3238 1654 3287 primi
1683 3239 1805 3275 decies
1834 3237 1944 3289 plane
1965 3235 2180 3273 adhibuisse
2203 3250 2333 3275 vocem
2353 3247 2440 3275 erat
2470 3232 2523 3275 vti.
2572 3242 2575 3281 j

1421 3290 1502 3327 Post
1530 3298 1655 3327 autem
1686 3292 1725 3328 in
1756 3293 1887 3328 versic.
1915 3290 1973 3335 14.
2004 3298 2144 3326 mutata
2173 3289 2351 3342 loquendi
2380 3290 2524 3327 ratione

1422 3357 1508 3382 usus
1537 3353 1588 3381 est
1616 3344 1733 3384 verbo
1761 3343 1943 3393 yssopum,
1975 3344 2103 3381 dicens
2133 3344 2201 3384 met
2238 3343 2255 3384 ὃ
2288 3345 2391 3393 λόγος
2430 3343 2521 3404 rofa}

2455 3410 2469 3430 D
