2577 3633
714 145 873 192 DUAE
902 144 1065 191 SUNT
1099 145 1287 192 DIVIN.
1319 145 1761 191 PROCESSIONES
1779 175 1790 187 .

87 237 193 269 mam
221 223 443 267 eorumdem
470 224 696 266 relationem
713 253 726 267 .
753 226 849 266 Vid.
875 225 916 265 S.
946 224 1116 265 Thomas
1143 225 1201 263 lo-

87 296 136 324 co
158 284 223 321 cit.
251 281 299 319 ad
329 281 368 321 5.

101 367 103 369 .
141 335 206 374 28.
236 334 325 372 Inst.
354 333 428 372 Vel
457 334 539 372 istae
568 333 659 372 duae
677 334 930 387 processiones
958 332 1037 372 solo
1063 345 1202 370 nume-

85 401 129 428 ro
154 385 359 436 differunt,
389 385 449 427 vel
470 388 588 426 etiam
616 390 769 440 specie3
799 396 978 425 neutrum
996 395 1124 425 autem
1143 386 1202 424 di-

83 442 120 481 ci
150 448 295 495 potest·
343 441 429 480 Non
460 442 659 494 primum,
707 441 882 493 alioquin
911 449 1071 493 utraque
1107 447 1201 478 esset

82 497 276 547 generatio
293 526 304 545 ,
334 494 398 534 vel
423 496 604 547 spiratio:
649 508 724 534 non
750 494 987 541 secundum3
1029 492 1204 548 alioquin

81 561 160 587 non
175 551 525 588 communicaretur
541 550 691 601 utrique
707 549 837 588 eadem
854 561 1014 588 numero
1043 555 1177 586 natura
1189 573 1200 586 .

143 615 206 654 29.
238 602 372 654 Resp.‚
417 616 478 640 eas
508 605 762 654 processiones
792 603 945 656 proprie
974 603 1099 654 specie
1127 615 1202 640 non

82 655 238 695 differre
255 682 265 694 .
295 657 387 708 quia
415 658 456 694 in
487 657 567 694 Deo
588 671 655 694 nec
683 671 804 709 genus.
829 666 907 704 est,
938 669 1008 694 nec
1038 656 1201 707 species;

82 709 149 747 sed
176 710 287 762 quasi
317 710 526 747 secundum
547 712 743 761 speciem,
773 712 804 748 si
834 712 886 748 ita
914 708 1020 763 loqui
1051 709 1106 746 fas
1126 715 1214 755 est}-

79 763 259 814 quamvis
287 765 384 801 ratio
412 762 529 814 hujus
557 763 783 802 diri'erentiae
826 763 984 802 omnino
1012 771 1113 800 certa
1141 763 1199 802 af-

80 817 177 854 terri
206 819 365 870 nequit,
415 825 456 854 ut
486 818 645 855 inferius
684 817 902 856 videbimus
931 818 949 867 (
976 829 1061 866 cap.
1084 817 1151 854 111.
1181 816 1197 865 )

81 868 206 908 Nemo
228 881 354 910 tamen
386 871 550 919 inferat,
579 872 692 909 etiam
715 883 916 922 personas,
946 878 1136 921 quantum
1152 871 1201 908 ad

81 931 261 964 naturam
276 925 401 977 specie
418 953 430 973 ,
459 933 524 962 aut
551 937 714 961 numero
734 923 912 968 differre5
941 931 1079 962 natura
1095 924 1200 961 enim

80 975 120 1014 in
150 978 333 1018 omnibus
359 979 411 1017 ita
440 991 541 1025 tina,
571 985 683 1028 atque
713 976 847 1014 eadem
874 985 954 1026 est,
982 986 1021 1014 ut
1051 991 1118 1015 nec
1139 990 1200 1015 co-

77 1030 259 1080 gitatione
286 1032 536 1082 distinguatur
553 1055 563 1067 .

134 1083 200 1123 50.
229 1085 304 1123 Ob.
333 1083 524 1121 secundo,
572 1080 659 1120 Una
701 1082 889 1134 processio
931 1090 983 1121 est
1019 1082 1198 1121 infinita:

79 1148 172 1187 ergo
191 1146 303 1176 totam
333 1135 536 1174 exhaurire
556 1135 667 1174 debet
694 1138 867 1175 divinam
886 1136 1197 1183 foecunditatem3

77 1201 185 1227 secus
214 1191 400 1243 processio
416 1191 485 1228 erit
502 1190 726 1242 imperfecta
743 1216 753 1228 .
782 1189 953 1228 Ulterius
975 1192 1087 1228 unica
1110 1204 1198 1242 pro-

76 1244 246 1283 cessione
274 1252 348 1282 tota
369 1252 501 1282 natura
521 1244 651 1282 diviua
673 1244 1000 1282 communicatur:
1032 1257 1119 1295 ergo
1140 1245 1197 1282 ni-

76 1292 134 1336 hil
155 1307 326 1350 superest
355 1298 721 1337 oomnmnieandum
752 1298 791 1334 in
820 1297 897 1334 alia
926 1300 1163 1349 processione
1185 1324 1196 1337 .

133 1349 204 1391 31„
230 1351 343 1405 Resp.
363 1349 752 1406 primae-difficultati,
773 1353 1049 1403 processionem
1061 1365 1197 1407 quam-

77 1401 203 1451 libet,
242 1413 369 1456 utpote
397 1404 591 1442 infinitam
609 1433 619 1452 ‚
668 1402 868 1441 exhaurire
899 1405 937 1441 in
966 1418 1032 1442 suo
1060 1419 1196 1456 genere

76 1456 252 1495 divinam
282 1458 573 1496 foeeunditatem
591 1487 601 1505 ,
631 1470 705 1494 non
733 1465 859 1494 autem
888 1458 926 1495 in
956 1457 1032 1496 alio
1059 1472 1196 1509 genere

77 1509 257 1549 diverso.
307 1511 409 1549 Hinc
438 1525 514 1550 non
544 1519 658 1563 potest
687 1525 789 1558 esse,
834 1511 906 1549 nisi
938 1524 1013 1549 una
1040 1525 1196 1562 genera-

77 1563 158 1612 tio,
189 1567 222 1604 8<
252 1578 347 1602 unus
377 1565 527 1610 Filius3
557 1565 621 1601 sed
652 1573 789 1616 praeter
817 1565 1095 1616 generationem
1129 1565 1195 1602 Fi-

78 1614 125 1654 lii
155 1627 273 1670 potest
303 1632 408 1667 esse,
457 1618 492 1657 ἃ,
520 1620 643 1670 reipsa
673 1627 723 1655 est
752 1616 828 1657 alia
858 1619 1072 1672 processiO,
1118 1632 1197 1672 qua

78 1670 246 1721 Spiritus
276 1681 425 1709 sanctus
455 1671 654 1723 procedit..
1140 1671 1146 1673 ’

134 1724 200 1763 52.
232 1724 351 1762 Alteri
380 1724 600 1762 difficultati
630 1737 756 1775 resp.,
806 1724 919 1760 unica
959 1725 1198 1774 processione

78 1778 360 1815 communicari
391 1778 549 1829 quidem
570 1786 683 1815 totam
712 1776 884 1813 divinam
906 1785 1105 1822 naturam,
1135 1776 1199 1813 sed

75 1831 116 1871 in
147 1843 226 1867 uno
248 1830 384 1867 ordine
411 1830 555 1868 'tantum
572 1860 582 1878 ,
630 1828 774 1867 scilicet
801 1829 841 1865 in
871 1830 1005 1866 ordine
1047 1842 1205 1879 genera-

76 1885 190 1922 tionis
220 1897 289 1935 per
309 1882 570 1921 intellectum.
602 1882 721 1920 Potest
749 1890 882 1920 autem
895 1883 1036 1920 iterum
1064 1882 1198 1919 eadem

77 1937 211 1978 divina
229 1936 375 1975 'natura
403 1937 680 1974 communicari
702 1936 741 1972 in
771 1934 847 1972 alio
867 1936 1000 1972 ordine
1018 1964 1028 1981 ,
1059 1948 1198 1986 nempe

76 2003 146 2041 per
168 1990 402 2030 voluntatem
419 2017 430 2028 .
460 1992 502 2029 In
534 1992 659 2045 primo
686 1988 820 2030 ordine
850 1997 902 2025 est
922 1990 1111 2043 processio
1130 1989 1197 2029 Fi-

78 2043 150 2090 lii,
183 2044 220 2080 in
252 2043 369 2081 altero
397 2044 563 2096 Spiritus
593 2045 743 2081 sancti..

134 2097 199 2138 53.
227 2098 320 2138 inst.
350 2099 502 2151 primo.
545 2096 604 2134 Ex
634 2099 672 2134 vi
703 2096 816 2133 unius
846 2096 1098 2146 processionis.
1123 2103 1202 2132 ter-

77 2151 205 2190 minus
235 2160 383 2187 emanat
405 2151 574 2188 infinitus
596 2151 635 2187 in
665 2151 770 2187 omni
787 2162 948 2200 genere:
979 2161 1064 2199 ergo
1081 2149 1197 2184 etiam

78 2204 266 2253 processio
295 2212 345 2240 est
375 2203 523 2242 infinita
552 2205 592 2243 in
621 2204 903 2253 omnigenere5
932 2202 1101 2253 adeoque
1120 2214 1201 2240 nou

78 2265 196 2307 potest
225 2269 329 2303 esse,
360 2270 431 2296 nisi
459 2270 561 2293 una.

92 2307 96 2311 ’
137 2309 201 2358 54.
234 2308 344 2359 Hesp.
362 2338 372 2356 ,
420 2310 631 2348 terminum.
657 2308 816 2361 quidem
845 2308 959 2344 unius
987 2307 1199 2358 processio--

79 2362 136 2402 nis
166 2376 243 2400 esse
287 2361 476 2398 infinitum
508 2364 546 2399 in
575 2364 680 2398 omni
709 2375 867 2412 genere,
915 2361 981 2397 sed
1016 2373 1086 2397 nou
1116 2375 1195 2397 esse

76 2417 132 2453 sic
163 2415 357 2453 infinitum
388 2417 425 2452 vi
457 2416 731 2465 processionis,
762 2428 886 2465 neque
914 2417 1027 2453 etiam
1059 2415 1195 2465 praeci-

78 2483 118 2507 se
149 2471 290 2506 ratione
312 2482 481 2520 personae
501 2498 510 2516 ,
541 2483 628 2520 quae
660 2477 711 2506 est
741 2468 890 2504 infinita
920 2469 958 2505 in
987 2481 1123 2518 genere
1139 2480 1197 2505 re-

76 2521 224 2567 l‘ativo3
253 2523 315 2560 sed
347 2523 487 2560 ratione
518 2523 684 2559 essentiae
703 2551 714 2570 ‚
744 2534 832 2573 quae
863 2529 917 2560 est,
942 2520 1136 2571 absolute,
1164 2520 1197 2556 ἃ

77 2575 118 2614 in
148 2577 249 2613 omni
280 2589 416 2628 genere
445 2575 626 2614 infinita..⁴
766 2575 770 2576 ⁷

135 2630 200 2669 55.
233 2630 320 2671 lust.
350 2630 512 2669 secundo
530 2655 539 2666 .
571 2629 612 2666 In
642 2629 745 2666 omni
775 2636 914 2665 natura·
939 2640 1013 2665 non
1044 2636 1100 2665 est·
1123 2628 1201 2665 nisi*

80 2697 181 2722 unus
211 2685 371 2732 modus,
402 2697 478 2744 quo
508 2683 638 2719 eadem
670 2682 1001 2727 communicetur3
1045 2695 1131 2732 ergo
1161 2682 1203 2720 id:

79 2736 201 2779 multo
233 2739 351 2789 magis
393 2737 470 2774 dici
500 2737 616 2776 debet,
651 2736 703 2773 de
727 2744 871 2773 natura
901 2735 1063 2784 divina,
1108 2748 1202 2786 quae,

80 2790 367 2840 simplicissima
398 2798 450 2828 est
470 2816 480 2828 .

137 2843 200 2883 36.
234 2844 344 2897 Resp-
375 2859 460 2895 neg.
481 2857 586 2881 cons.
618 2843 741 2883 Immo
761 2855 805 2879 ex
836 2842 916 2893 ipsa
937 2841 1088 2881 infinita
1108 2841 1204 2878 sim--

82 2895 252 2946 plicitate
282 2909 432 2936 naturae»
458 2899 599 2936 divinae
631 2897 700 2944 fit,
750 2904 788 2933 ut
817 2896 898 2947 ipsa
940 2896 1205 2933 communice-

85 2957 172 2996 tur,
201 2960 276 2989 tam
306 2967 373 3008 per
395 2951 712 2999 intellectionem,
743 2963 860 3002 quam
884 2961 951 3001 per
981 2947 1198 2986 volitionem

86 3000 140 3037 ael
169 3005 274 3041 intra
291 3035 308 3052 ,‚
331 3009 422 3057 quia
451 3016 532 3046 tam,
559 3004 688 3043 volitio
705 3035 715 3053 ‚
758 3017 880 3056 quam.
905 3002 1120 3042 intellectio,-
1141 3002 1205 3039 di·>

87 3055 178 3092 vina
207 3065 258 3092 est
288 3059 375 3108 ipsa,
398 3060 474 3100 Dei
501 3060 657 3097 essentia
675 3085 692 3098 .,

143 3107 208 3157 57.
238 3109 330 3160 (ij.
359 3114 465 3149 tertio
481 3140 498 3153 .,
533 3113 574 3152 Si
607 3112 734 3165 plures
764 3125 847 3149 esse·
868 3119 1025 3163 possunt:
1050 3111 1088 3148 iu
1118 3109 1208 3146 Deo·

86 3164 341 3214 processiones
358 3194 368 3211 ,
399 3178 471 3202 non
498 3167 590 3205 duae-
619 3175 769 3204 tautum,
793 3174 928 3203 erunt.
966 3164 1065 3202 Nam
1097 3163 1206 3200 idem.

87 3216 325 3266 principium
356 3226 470 3267 potest
498 3218 637 3258 habere
676 3219 803 3272 piures
831 3220 1012 3256 terminos
1040 3218 1198 3254 diversae

89 3270 269 3306 rationis.
313 3268 377 3306 Sic
410 3269 616 3310 intellectus
644 3274 796 3311 divinus
827 3273 1000 3325 producit
1030 3270 1201 3309 notitiam

88 3321 322 3360 essentialem
341 3353 351 3369 ,
381 3337 469 3374 quae
501 3323 580 3360 Deo
608 3328 811 3376 convenit,
857 3335 904 3368 ut!
925 3325 1029 3366 Deus
1059 3333 1136 3373 est,
1168 3322 1202 3358 8(

87 3377 261 3417 notitiam
290 3376 458 3428 genitam
486 3389 559 3418 seu,
580 3377 780 3419 Verbum·

2268 150 2322 192 55

1323 225 1388 266 58.
1419 225 1693 279 Resp.prim0‚
1723 223 1957 277 potissimam
1974 225 2177 275 rationem,
2197 224 2246 265 ob
2262 240 2381 279 quam

1267 280 1355 318 dune
1385 288 1557 328 tantum,
1586 280 1620 316 δε
1649 292 1723 316 non
1753 277 1880 329 plures
1910 279 1952 317 in
1970 280 2053 317 Deo
2080 288 2273 331 ponuntur
2292 293 2383 333 pro·

1268 334 1450 371 cessiones
1466 363 1478 382 ,
1509 347 1585 372 esse
1605 346 1648 371 ex
1665 331 1931 371 sacrislitteris
1943 332 2259 383 depromendam,
2288 347 2378 386 quae

1267 386 1378 424 nobis
1407 395 1507 436 tres,
1555 386 1589 424 8<
1618 399 1690 425 non
1720 384 1849 438 plures
1878 398 1952 423 esse
1980 386 2128 424 divinas
2172 400 2345 438 personas
2366 417 2378 435 ‚

1269 438 1483 478 luculenter
1512 439 1734 479 declarant.
1761 438 1936 479 Secundo
1965 438 2053 476 addi
2081 448 2226 490 potest,
2257 453 2378 478 unum

1266 501 1417 533 tantum
1444 507 1520 532 esse
1548 507 1653 546 posse
1681 494 1888 533 terminum
1916 492 2145 545 productum
2173 494 2295 531 divini
2323 496 2379 532 in·-

1267 546 1464 594 tellectus,
1493 550 1584 599 quia
1614 562 1708 587 unus
1737 557 1851 586 totam
1881 546 2056 584 exhaurit
2081 545 2202 583 divini
2233 545 2382 584 intelle-

1267 609 1350 639 ctus
1379 601 1661 639 foe-cuuditatein
1680 628 1690 640 .
1733 602 1915 653 ldemque
1943 598 2149 639 dicendum
2175 598 2223 637 de
2249 602 2380 638 termi-

1267 668 1315 693 no
1348 653 1530 703 producto
1558 655 1698 691 divinae
1730 654 1957 692 voluntatis.

1323 708 1388 758 ’ς’-9.
1419 707 1507 744 Inst.
1537 708 1687 758 primo.
1719 707 1868 755 Filius,
1899 708 1932 744 8<
1953 705 2116 758 Spiritus
2144 712 2292 744 sanctus
2321 706 2380 744 in-

1265 758 1419 799 tellectu
1437 789 1447 807 ,
1477 760 1510 796 8<
1541 759 1731 798 voluntate
1760 763 1891 813 utique
1921 760 1953 797 8<
1982 760 2056 811 ipsi
2086 757 2252 811 pollent:
2291 773 2383 811 ergo

1267 814 1300 853 8<
1317 815 1390 865 ipsi
1407 812 1501 851 alios
1517 814 1695 851 terminos
1712 815 1918 865 producent
1934 828 1945 860 3
1975 812 2009 848 81
2029 813 2080 850 sic
2097 815 2138 852 in
2153 812 2347 850 infinitum
2366 839 2378 851 .

1320 868 1386 913 4ο.
1417 867 1530 920 Resp-
1558 866 1681 905 Sicuti
1712 868 1868 905 essentia
1898 880 1971 905 uon
2001 875 2052 904 est
2081 866 2121 903 in
2150 865 2271 903 tribus
2291 879 2378 917 per-

1267 922 1395 970 sonis,
1425 923 1477 961 ita
1492 931 1612 961 unum
1631 934 1706 958 esse
1727 919 1990 968 intellectum,
2022 932 2213 971 unamque
2241 920 2379 958 volun·

1268 985 1409 1014 tatem.
1447 974 1562 1013 Porro
1591 973 1741 1013 infinita
1770 975 1888 1012 virtus
1917 972 2126 1011 intellectus
2156 973 2277 1010 divini
2305 982 2380 1010 tota

1268 1029 1517 1077 exhauritur,
1564 1030 1594 1066 si
1625 1030 1675 1066 ita
1703 1027 1811 1079 loqui
1842 1027 1898 1064 sas
1929 1035 2007 1074 est,
2055 1027 2093 1063 in
2137 1026 2378 1076 generatione

1266 1082 1416 1129 Verbi3
1453 1083 1663 1134 eodemque
1692 1081 1804 1118 modo
1832 1081 2069 1131 concipimus
2099 1079 2292 1116 exhauriri
2321 1079 2381 1116 di-

1266 1138 1367 1175 vinae
1398 1135 1600 1175 voluntatis
1630 1134 1918 1175 foecund'itatem
1949 1134 1987 1171 in
2017 1131 2262 1186 productione
2290 1131 2380 1185 Spi-

1266 1191 1359 1228 ritus
1388 1191 1507 1230 sancti
1525 1216 1537 1229 2

1319 1244 1385 1289 [4¹1.
1416 1245 1501 1281 lnst.
1531 1241 1722 1281 secundo·
1752 1241 1836 1279 Non
1860 1239 1980 1290 magis
1996 1238 2172 1277 Verbum
2201 1237 2383 1275 divinum.

1265 1297 1439 1336 exhaurit
1470 1299 1547 1336 vim
1577 1310 1729 1334 omnem
1759 1292 1996 1347 producendi
2025 1305 2092 1346 per
2122 1289 2385 1337 intellectum„

1264 1366 1381 1404 quam
1413 1351 1562 1389 infinita
1591 1349 1829 1388 subsistentia
1858 1346 1976 1385 Patris
2004 1345 2202 1383 exhauriat
2230 1345 2381 1395 capaci-

1263 1414 1377 1443 tatem
1408 1405 1601 1444 infinitam
1631 1402 1859 1441 subsistendi
1888 1409 2032 1439 naturae
2062 1399 2230 1441 diviuae3
2274 1396 2382 1448 atqui

1264 1467 1404 1509 praeter
1432 1457 1709 1495 subsistentiam
1728 1453 1847 1491 Patris
1867 1453 2118 1491 admittuntur
2146 1452 2260 1488 etiam
2290 1449 2381 1487 sub·

1263 1513 1413 1550 stantiae
1445 1510 1568 1558 Filii,
1599 1510 1632 1545 8t
1663 1508 1826 1558 Spiritus
1857 1506 1998 1544 sancti:
2029 1517 2116 1555 ergo
2145 1502 2217 1541 &c-

1319 1565 1383 1610 42.
1416 1564 1555 1615 Resp.‚
1595 1561 1876 1599 subsistentiam
1905 1559 2050 1605 Patris,
2100 1564 2223 1607 utpote
2252 1554 2379 1593 relati-

1264 1632 1351 1658 vam
1370 1649 1379 1667 ,
1429 1616 1630 1656 exhaurire
1660 1612 2051 1664 totam'capacitatem
2086 1609 2313 1647 subsistendi
2341 1610 2385 1646 in

1262 1681 1399 1709 natura
1426 1671 1586 1716 divina,
1615 1681 1692 1706 non
1721 1666 1917 1712 absolute,
1947 1665 1984 1703 δε
2010 1664 2050 1701 in
2081 1664 2188 1699 omni
2217 1675 2380 1713 genere,

1265 1725 1330 1762 sed
1358 1725 1537 1762 duntaxat
1566 1723 1604 1760 in
1635 1733 1768 1771 genere
1798 1719 1956 1756 relativo
1984 1717 2244 1768 paternitati33
2282 1715 2381 1752 unde

1268 1775 1397 1814 adhuc
1421 1776 1551 1812 divina
1580 1782 1715 1810 natura
1745 1771 1941 1807 terminari
1970 1777 2087 1820 potest
2117 1782 2137 1803 a
2166 1768 2313 1806 duabus
2341 1782 2381 1804 a-

1269 1828 1334 1868 liis·
1360 1827 1606 1866 subsistentiis
1636 1824 1803 1863 relativis
1834 1821 1955 1868 Filii,
1986 1821 2020 1856 δε
2048 1820 2216 1871 Spiritus.
2241 1821 2382 1857 sancti.

1324 1881 1389 1926 45.
1419 1882 1506 1918 lust.
1537 1879 1672 1917 tertio.
1720 1875 1844 1915 Filius
1865 1905 1876 1923 ‚
1922 1875 1956 1910 &
1985 1873 2151 1926 Spiritus
2179 1882 2325 1911 sauctus
2353 1873 2386 1909 si

1268 1934 1518 1975 foecunditate
1547 1939 1703 1979 carent,
1733 1929 1914 1968 carebunt
1933 1928 2163 1983 perfectione
2192 1926 2383 1973 maxima,

1268 1988 1302 2024 8<
1332 1988 1483 2026 infinita
1501 2013 1513 2026 .

1321 2041 1386 2087 44.
1421 2041 1532 2093 Hesp.
1562 2037 1747 2086 Quamvis
1778 2035 1931 2083 Filius,
1962 2034 1996 2070 St
2017 2033 2181 2085 Spiritus
2209 2041 2381 2079 sanctus,

1265 2104 1379 2145 prout
1409 2106 1579 2144 personae
1609 2098 1692 2129 suut
1721 2104 1743 2126 a
1771 2088 1879 2126 Patre
1907 2088 2093 2126 distinctae
2111 2116 2124 2134 ,
2152 2086 2186 2122 δι
2215 2085 2382 2136 redupli-

1265 2151 1391 2183 catire
1419 2154 1580 2197 sumptae
1598 2174 1608 2192 ,
1639 2151 1818 2189 careant,
1857 2140 1924 2179 ille
1952 2140 2110 2193 quidem
2138 2139 2348 2189 generandi
2371 2169 2387 2186 „

1265 2200 1332 2238 iste
1361 2209 1487 2237 autem
1507 2208 1584 2235 tam
1613 2196 1850 2249 generandi,
1879 2207 1997 2246 quam
2017 2192 2189 2244 spirandi
2216 2192 2381 2239 virtute,

1264 2263 1397 2292 neuter
1425 2263 1553 2291 tamen
1595 2250 1664 2288 hac
1694 2250 1926 2300 perfectione
1968 2255 2073 2284 caret
2097 2244 2271 2282 absolute
2289 2274 2299 2292 ,
2348 2245 2387 2280 δι

1265 2308 1453 2346 mediante
1484 2313 1616 2343 natura
1633 2333 1644 2352 ,
1692 2303 1834 2339 ratione
1863 2299 1977 2351 cujus
2002 2311 2165 2351 persona
2185 2327 2196 2345 ,
2244 2297 2383 2335 saltem

1265 2361 1454 2407 mediate,
1485 2358 1598 2396 habet
1625 2369 1755 2393 omnes
1784 2354 2032 2406 perfectiones
2052 2351 2217 2388 aliarum
2247 2353 2262 2400 (
2293 2351 2385 2387 vide.

1264 2427 1379 2466 supra
1408 2406 1566 2451 Dissert.
1588 2411 1618 2447 l.
1663 2423 1703 2447 n²
1722 2422 1816 2446 2102.
1842 2406 1887 2454 ).
1943 2405 2054 2453 Quod
2097 2413 2227 2442 autem
2256 2401 2385 2441 Filius.

1262 2481 1335 2506 non
1358 2468 1469 2520 possit
1487 2466 1609 2503 alium
1630 2462 1777 2500 Filium
1807 2461 1959 2511 gignere
1976 2488 1986 2506 ,
2016 2472 2091 2495 nec·
2107 2458 2273 2509 Spiritus
2293 2470 2380 2494 san-

1268 2530 1348 2558 ctus
1377 2519 1498 2557 alium
1528 2519 1672 2570 spirare
1687 2515 1874 2566 Spiritum
1904 2520 2102 2559 sanctum,
2131 2524 2207 2548 non
2237 2511 2386 2561 imper-

1267 2575 1382 2613 fectio
1411 2582 1489 2621 est,
1520 2572 1583 2610 sed
1613 2571 1782 2607 maxima
1812 2567 2012 2618 utriusque·
2048 2564 2233 2616 perfectio
2249 2578 2265 2609 3,
2288 2564 2382 2615 quia

1267 2642 1408 2678 nempe
1424 2657 1434 2675 ,
1455 2640 1547 2664 cum
1562 2632 1720 2674 uterque
1731 2623 1777 2658 sit
1792 2620 1968 2659 infinitus
1980 2649 1990 2666 ,
2014 2619 2147 2663 unicus
2159 2630 2234 2654 esse
2249 2617 2359 2654 debet
2370 2642 2381 2654 .

1321 2682 1392 2727 45..
1417 2678 1508 2730 Obj.
1537 2685 1671 2729 quarto
1688 2702 1702 2714 ..
1745 2672 2083 2721 Quemadmodum
2125 2671 2213 2709 duae
2244 2670 2381 2707 admit-

1267 2742 1397 2772 tuntur
1428 2734 1677 2784 processiones
1707 2729 1745 2765 in
1775 2728 1883 2774 Deo,
1914 2740 1991 2763 una
2020 2738 2091 2776 per
2117 2722 2351 2761 intellectum
2369 2753 2380 2770 ‚

1267 2787 1384 2826 altera
1413 2799 1480 2837 per
1501 2783 1731 2823 voluntatem
1750 2811 1760 2828 ,
1791 2782 1840 2817 ita
1868 2778 2101 2816 admittenda
2121 2777 2191 2815 erit
2219 2775 2295 2813 alia
2316 2789 2388 2826 per·

1267 2841 1520 2884 memoriam,
1564 2836 1641 2874 alia
1671 2837 1765 2872 item
1790 2846 1858 2886 per
1887 2833 2090 2871 bonitatem
2108 2860 2118 2878 ,
2163 2842 2229 2882 per
2257 2830 2389 2865 omni--

1267 2894 1472 2946 potentian]
1503 2890 1572 2927 &c.
1946 2938 1959 2942 -
2382 2940 2384 2944 ‚

1322 2946 1386 2992 46.
1419 2945 1529 2996 Hesp.
1560 2955 1642 2993 neg.
1673 2940 1865 2992 sequelam
1885 2966 1894 2977 .
1924 2940 2023 2976 Nam
2046 2934 2149 2989 quod
2176 2942 2316 2995 spectat,
2334 2934 2387 2971 adr

1267 3000 1492 3039 memoriam
1511 3027 1521 3045 ,
1552 2995 1634 3033 haec
1664 2996 1819 3047 proprie
1848 2995 1888 3039 iu
1915 2992 1997 3030 Deo
2025 3003 2099 3026 non
2129 2997 2212 3035 est„
2244 3001 2311 3039 qui
2342 3000 2389 3024 ο·-

1267 3054 1372 3092 mnia
1401 3064 1550 3102 semper
1593 3047 1706 3086 habet
1735 3047 1808 3085 sibi
1851 3044 2055 3098 praesentia
2100 3055 2169 3093 per
2197 3042 2380 3101 cognitio-

1265 3121 1383 3154 nem,
1413 3118 1501 3158 quae
1532 3115 1681 3154 semper
1710 3110 1761 3137 est
1790 3102 1833 3137 inl
1858 3107 1944 3136 actu
1962 3128 1972 3146 ,
2016 3109 2218 3157 nunquam
2244 3107 2284 3132 in
2315 3106 2381 3145 po„

1267 3162 1409 3199 tentia.
1441 3158 1588 3196 Bonitas
1618 3163 1742 3192 autem
1773 3153 1931 3199 divina,
1959 3157 2255 3201 omnipotentia,
2285 3156 2381 3184 cete-

1268 3227 1385 3264 raque
1416 3212 1488 3250 Dei
1532 3209 1709 3247 attributa
1752 3206 2083 3244 communicantur
2130 3216 2198 3254 per
2234 3200 2383 3258 intelle·-

1270 3264 1399 3313 ctum,
1445 3264 1478 3300 ἃ
1508 3262 1770 3309 voluntatem,
1810 3259 2004 3312 productis
2033 3257 2181 3296 duabus
2210 3264 2382 3307 personis

1270 3319 1429 3360 infinitis
1446 3344 1456 3356 .
2170 3361 2175 3366 ι
2316 3356 2322 3364 .

1324 3373 1390 3425 47.
1420 3373 1506 3411 Inst.
1537 3368 1758 3418 AEternitas,
1787 3365 1957 3407 infinitas
1987 3363 2020 3401 ἃ
2050 3359 2248 3414 quodlibet.
2273 3355 2387 3395 almd‘⁴

1370 3424 1372 3426 ’
2275 3419 2337 3450 ats-
