2577 3633
284 149 361 176 102

207 220 356 265 queunt
386 223 453 262 per
493 211 659 263 speciem
687 211 886 263 propriam
915 211 1008 261 ipsis
1045 210 1315 262 adaequatam3

205 265 306 315 qnia
347 264 374 300 si
406 263 509 301 Deus
538 275 596 301 res
631 264 831 316 possibiles
874 263 944 300 hoc
974 263 1084 300 modo
1113 276 1312 315 cognosce-

204 325 286 363 ret,
316 315 638 367 specificationem
656 346 667 364 ,
698 316 731 351 8<
761 317 1031 368 perfectionem
1052 315 1104 354 ab
1131 317 1221 368 ipsis
1249 333 1311 356 ac-

205 371 375 420 ciperet,
423 370 526 421 quod
568 377 646 408 tam
682 369 891 408 absurdum
921 377 1000 417 est,
1048 383 1166 423 quam
1208 373 1310 423 quod

200 422 394 459 maxime:
423 435 513 474 ergo
542 421 613 461 ἃς.

255 473 321 511 86.
351 475 393 513 ld
422 475 589 527 explicat
617 475 657 513 S.
688 473 855 512 Thomas
884 475 913 512 1.
955 483 1061 513 cont.
1107 475 1228 514 Gent.
1271 491 1308 516 c.

201 526 267 571 AS.
297 528 496 579 inquiens:
546 559 574 575 „
602 528 783 579 Operatio
813 527 1078 567 intellectualis
1107 531 1272 581 speciem
1294 561 1305 579 ,

203 610 228 628 „
260 579 292 616 &
337 580 574 618 nobilitatem
616 579 731 618 habet
777 581 982 619 secundnm
1012 582 1078 630 id,
1125 584 1226 635 quod
1255 593 1307 622 est:

201 663 226 681 „
257 647 326 685 per
356 648 391 671 se
412 663 422 680 ,
469 633 501 668 ὃς
529 634 656 685 primo
686 632 920 671 intellectum
939 664 950 683 ,
997 649 1118 688 qnnm
1162 636 1232 673 hoc
1261 638 1306 674 sit

199 715 226 734 „
256 685 338 736 ejus
367 686 583 736 objectum.
615 685 654 723 Si
687 686 802 736 igitur
822 687 926 724 Dens
955 686 1060 726 alind
1081 703 1102 726 a
1131 703 1169 727 se
1199 688 1305 726 intel-

199 769 226 787 „
254 738 412 790 ligeret,
459 739 566 789 quasi
598 752 664 790 per
692 753 756 787 se,
804 740 837 776 8<
868 742 991 792 primo
1034 737 1266 779 intellectum
1291 772 1301 790 ,

198 821 222 838 ,‚
251 790 335 841 ejus
354 794 522 841 operatio
550 791 820 831 intellectualis
837 795 1000 845 speciem
1019 824 1029 842 ,
1061 794 1094 831 8<
1124 795 1301 832 nobilita-

195 874 220 891 „
252 853 327 882 tem
356 843 511 883 haberet
540 845 748 885 secundum
779 847 843 893 id,
891 847 992 898 qnod
1021 856 1074 886 est
1115 847 1223 885 alind
1250 849 1300 886 ab

194 926 219 943 „
249 898 350 947 ipso:
383 895 452 935 hoc
483 898 611 935 autem
639 906 691 935 est
714 899 977 951 impossibile,
1008 914 1096 938 cum
1117 915 1183 940 sua
1211 914 1304 953 ope«

196 978 222 996 „
252 950 346 1008 ratio
375 952 420 987 sit
449 949 533 1002 ejus
563 952 746 989 essentia.
804 952 869 989 Sic
915 954 1028 1004 igitur
1065 954 1302 1005 impossibile

195 1032 221 1050 „
251 1012 328 1050 est,
357 1004 460 1057 qnod
490 1003 728 1044 intellectum
755 1020 777 1044 a
806 1004 888 1043 Deo
917 1009 1070 1059 primo,
1107 1006 1141 1043 ἃ
1169 1021 1236 1059 per
1265 1021 1303 1046 se

200 1085 224 1102 η
254 1057 299 1092 sit
327 1055 434 1094 aliud
463 1056 513 1095 ab
544 1058 625 1108 ipso
656 1061 713 1095 “-

248 1108 313 1160 87.
344 1109 420 1147 Ob.
451 1111 604 1162 primo.
649 1111 706 1149 Ad
735 1111 1008 1164 perfectionem
1038 1113 1111 1150 Dei
1141 1114 1304 1167 pertinet

193 1174 251 1200 tes
280 1176 503 1214 cognoscere
531 1165 637 1202 omni
666 1177 710 1201 eo
738 1165 874 1213 modo,
917 1179 994 1217 quo
1029 1166 1301 1217 cognoscibiles

192 1225 301 1263 snnt3>
329 1217 391 1254 sed
422 1230 479 1254 res
509 1217 704 1267 possibiles
723 1218 997 1269 cognoscibiles
1027 1229 1130 1267 sunt,
1160 1220 1302 1257 nedum

191 1269 229 1306 in
259 1269 389 1306 divina
418 1273 602 1317 essentia,
646 1271 710 1309 sed
738 1273 852 1309 etiam
882 1272 1100 1310 immediate
1137 1273 1176 1310 in
1204 1287 1241 1311 se
1269 1274 1301 1310 i-

193 1322 290 1371 psis:
323 1335 411 1373 ergo
441 1321 511 1360 ἃς.

246 1373 311 1411 88.
343 1374 454 1426 Resp.
474 1376 559 1412 dist.
581 1373 675 1427 maj.
705 1377 822 1414 Omni
843 1390 887 1413 eo
906 1378 1019 1416 modo
1033 1409 1043 1426 ,
1074 1392 1151 1431 quo
1165 1391 1302 1429 cogno-

189 1425 341 1463 scibiles
371 1437 480 1475 sunt,
512 1437 652 1465 remota
681 1430 791 1466 omni
818 1431 1130 1480 imperfectione,
1159 1443 1298 1474 conc.‚·

191 1492 323 1526 secus,
354 1493 480 1530 nego.
511 1479 616 1517 Nihil
649 1482 686 1517 in
716 1494 754 1517 re
785 1484 934 1532 cognita
962 1497 1038 1519 esse
1068 1483 1208 1531 debet,
1235 1492 1299 1521 aut

192 1541 307 1582 potest
326 1562 335 1580 3
366 1533 467 1584 quod
495 1533 688 1571 infinitam
710 1533 781 1570 Dei
811 1535 1064 1585 cognitionem
1088 1537 1229 1587 fugiat;
1259 1537 1301 1575 id

190 1584 292 1621 enim
324 1585 372 1623 ad
401 1585 607 1636 perfectam
629 1587 800 1624 divinam
817 1588 1192 1639 comprehensionem
1215 1604 1299 1642 per-

187 1639 299 1675 tinet:
329 1652 401 1675 non
431 1647 559 1678 antem
588 1648 731 1692 oportet
749 1669 758 1687 ,
793 1649 833 1676 ut
863 1640 971 1678 Deus.
997 1656 1080 1679 rem
1107 1652 1299 1694 cognoscat

188 1692 292 1728 omni
322 1704 365 1727 eo
396 1692 532 1740 modo,
575 1705 651 1743 quo
681 1692 850 1729 absolute
879 1696 1051 1744 cognosci
1081 1703 1217 1746 potest:
1259 1711 1299 1733 a-

187 1742 260 1780 lias
288 1744 440 1780 deberet
469 1746 582 1781 etiam
612 1757 834 1794 cognoscere
863 1759 929 1795 per
958 1747 1197 1794 discursum,
1235 1756 1300 1784 aut

190 1808 259 1846 per
288 1795 601 1833 abstractionem.
645 1797 731 1833 Jam
763 1810 853 1833 vero
878 1811 1102 1848 cognoscere
1131 1812 1192 1837 res
1217 1812 1300 1851 pos-

193 1847 324 1885 sibiles
354 1849 571 1886 immediate
602 1849 640 1885 in
672 1850 802 1900 seipsis
830 1849 1000 1903 aliquam
1031 1852 1160 1889 divino
1190 1852 1300 1890 intel-

193 1902 312 1938 lectui
341 1902 669 1954 imperfectionem
699 1901 848 1939 afferret
866 1933 875 1951 ‚
907 1913 945 1940 nt
974 1904 1206 1955 explicatum
1227 1915 1300 1943 est.

247 1953 312 2005 89.
344 1955 430 1991 lnst.
459 1955 686 2005 Cognoscere
730 1969 785 1992 res
824 1957 1044 1995 immediate
1090 1959 1132 1996 in
1173 1960 1302 2010 seipsis

196 2005 342 2044 nuliam
375 2007 480 2044 affert
512 2008 592 2044 Deo
622 2009 977 2059 imperfectionem3
1021 2011 1140 2048 immo
1182 2011 1302 2062 majo-

194 2072 276 2095 1em
306 2060 397 2097 dicit
426 2062 697 2112 perfectionem
715 2090 725 2107 ,
754 2075 871 2112 quam
902 2076 964 2100 eas
983 2077 1302 2114 cognoscereme—

196 2113 316 2159 diam,
360 2112 393 2148 8<
424 2116 461 2150 in
492 2113 587 2150 alio:
632 2126 718 2164 ergo
747 2113 816 2151 ἃς.
856 2113 966 2153 Proh.
997 2125 1070 2154 ant.
1103 2118 1229 2168 primo
1257 2130 1304 2155 ex

196 2166 236 2203 Si
266 2165 415 2203 Thoma
446 2166 474 2203 I.
505 2166 546 2203 Ρ.
577 2180 642 2217 qu.
678 2166 737 2210 14.
768 2175 843 2203 art„
877 2181 935 2204 io.
967 2169 1015 2206 ad
1044 2168 1110 2217 4.,
1143 2170 1208 2207 nbi
1238 2171 1300 2208 do-

196 2226 279 2266 cet,
310 2218 411 2268 quoni
439 2231 675 2268 cognoscere
705 2219 853 2269 aliquid
879 2233 948 2270 per
977 2222 1087 2260 aliut!
1114 2232 1300 2271 tantuin,

196 2279 253 2306 est
281 2269 529 2322 imperfectae
559 2275 817 2322 cognitionis,
847 2277 878 2310 si
908 2274 1002 2312 illud
1029 2280 1077 2312 sit
1098 2280 1300 2320 cognosci-

194 2322 266 2361 bile
295 2337 363 2374 per
392 2337 453 2361 se.
484 2324 658 2362 Secundo
686 2327 778 2376 quia
807 2329 973 2377 cognitio
1001 2330 1057 2366 rei
1088 2330 1129 2367 in
1144 2320 1222 2366 alio
1251 2339 1302 2367 est

196 2378 357 2428 cognitio
385 2377 572 2426 obscura,
616 2377 649 2414 8(
678 2379 931 2428 abstractiva,
975 2395 1062 2432 quae
1093 2391 1195 2419 certe
1230 2383 1302 2420 im-

196 2431 397 2481 perfectior
427 2440 503 2478 est,
534 2445 650 2485 quam
681 2433 844 2484 cognitio
859 2434 1101 2483 immediata,
1132 2434 1167 2471 8(
1187 2436 1304 2474 intui-

200 2484 303 2520 tiva:
333 2496 420 2534 ergo
451 2484 520 2522 &c.

255 2549 319 2587 90.
351 2535 462 2588 Resp.
494 2551 578 2588 neg.
607 2546 712 2583 ant.;
742 2538 789 2576 ad
818 2537 928 2590 cujus
957 2541 1127 2591 primam
1153 2543 1300 2594 probat.

200 2589 312 2637 dico,
343 2589 384 2627 S.
405 2589 594 2627 Thomam
626 2590 731 2643 loqui
762 2591 1047 2645 indliypothesi,
1077 2596 1180 2647 quod
1197 2595 1302 2647 obje-

198 2651 298 2679 ctum
328 2644 374 2679 sit
402 2643 655 2694 cognoscibile
685 2658 752 2696 per
780 2660 816 2682 se
847 2639 1015 2695 clarius,
1051 2662 1168 2702 qnam
1199 2650 1236 2686 in
1265 2665 1303 2686 a-

202 2694 254 2731 lio
271 2722 283 2732 ..
310 2697 357 2732 At
386 2709 475 2733 vero
504 2709 560 2733 res
588 2710 719 2735 omnes
741 2699 936 2749 possibiles
953 2731 962 2748 ,
991 2701 1025 2737 &
1045 2711 1180 2739 creatae
1202 2701 1302 2739 mni-

201 2757 237 2783 to
264 2747 427 2796 clarius,
457 2748 490 2784 ἃ
521 2751 721 2799 perfectius
743 2763 1058 2801 repraesentantur
1081 2756 1117 2792 in
1145 2757 1302 2793 essentia

202 2800 357 2849 divina,
385 2816 501 2853 qnam
532 2804 571 2840 in
602 2804 757 2854 seipsis.
793 2805 898 2843 Unde
926 2809 1037 2845 etiam
1063 2808 1102 2846 S.
1125 2808 1303 2859 Augusti·

202 2865 275 2890 nus
301 2856 552 2905 cognitionem
581 2869 710 2894 rernm
740 2859 777 2895 in
807 2860 937 2911 seipsis
957 2861 1125 2914 appellat
1154 2860 1304 2900 (lecolo-

206 2910 427 2951 rotionem5
458 2908 492 2944 ὃς
520 2908 608 2947 Lib.
639 2909 708 2947 IV.
739 2910 786 2947 de
818 2911 965 2951 Genesi·
993 2914 1047 2952 ιιιΖ
1075 2916 1248 2952 litteram
1270 2930 1304 2953 c.

209 2957 272 2994 25.
303 2960 441 3009 inqnit:
472 2966 510 2999 in
543 2969 843 3012 comparatione
874 2967 968 3005 lucis
997 2969 1119 3018 illius,
1150 2983 1242 3020 once⁴
1265 2973 1307 3006 in

211 3007 334 3046 Verbo
351 3011 424 3048 Dei
440 3019 674 3062 conspicitur
689 3047 698 3065 ,
729 3023 858 3055 omnis
875 3026 1044 3072 cognitio
1061 3053 1071 3071 ,
1101 3037 1179 3074 qua,
1195 3036 1308 3061 crea-

207 3072 340 3099 turam
371 3067 579 3114 quamlibet
609 3074 647 3106 in
677 3074 806 3120 seipsa
836 3078 1037 3124 novimus,
1067 3090 1148 3113 non
1168 3080 1308 3114 imme-

213 3120 286 3152 rito
315 3129 398 3153 nox
427 3118 501 3155 <lici
529 3131 648 3168 potest
668 3150 677 3159 .

266 3181 331 3219 9¹·
361 3169 542 3208 Secundae
573 3175 717 3224 probat.
748 3190 845 3229 resp.
867 3193 954 3231 nega
982 3184 1238 3233 cognitionem
1257 3197 1312 3221 re-

213 3234 300 3258 rum
331 3224 369 3259 in
400 3223 527 3261 divina
557 3230 713 3264 essentia
743 3244 817 3266 esse
832 3232 1032 3273 obscuram
1051 3266 1061 3284 ,
1093 3236 1151 3273 vel
1173 3237 1314 3275 abstra-

214 3275 377 3321 ctivarn3
407 3285 458 3312 est
488 3278 588 3314 enim
605 3278 705 3316 clara
723 3310 733 3326 ,
764 3281 796 3315 8<
818 3286 988 3323 intuitiva
1005 3318 1015 3335 ,
1046 3303 1135 3326 cum
1158 3305 1213 3328 res
1233 3304 1315 3343 pos-

214 3326 372 3377 sibiles,
414 3337 600 3380 quantum
631 3332 678 3369 ad
706 3345 832 3372 Omnes
861 3351 942 3376 snas
971 3344 1244 3392 perfectiones,
1283 3343 1317 3378 Sc

967 131 1366 176 DISSERTATIO
1397 129 1478 176 IV.
1513 132 1639 175 CAP.
1677 131 1750 175 VI.

1383 213 1613 250 differentias
1643 213 1681 250 in
1712 225 1756 248 ea
1784 208 2071 261 contineantur,
2101 219 2286 266 tanquam
2307 213 2346 252 in
2376 226 2489 255 causa

1380 265 1616 318 exemplari,
1647 265 1680 301 8<
1708 264 1919 313 efficiente,
1947 278 2023 304 non
2051 266 2207 318 quidem
2223 266 2489 317 formaliter,

1379 320 1442 357 sed
1471 323 1712 366 eminenter,
1741 327 1926 370 qnatenus
1952 331 2065 355 omne
2096 319 2160 367 id,
2189 322 2290 372 quod
2320 320 2484 368 habent,

1377 388 1398 410 a
1428 373 1511 410 Deo
1539 372 1678 410 habent
1698 397 1709 408 .
1740 371 1928 409 Audiatur
1955 371 1999 409 S.
2026 371 2199 410 Thomas
2226 374 2255 411 Ι.
2286 373 2327 412 Ρ.
2357 389 2396 426 q.
2422 373 2484 419 14.

1375 435 1445 463 art.
1475 425 1513 463 6.
1544 426 1590 463 ad
1617 436 1673 462 1.:
1702 422 1813 462 Deus
1842 437 1922 462 non
1946 425 2075 462 'solum
2104 429 2304 477 cognoscit
2332 440 2394 464 res
2423 440 2484 464 es-

1374 492 1416 515 se
1445 481 1487 514 in
1513 481 1666 528 seipso,
1709 477 1777 515 sed
1804 490 1874 528 per
1901 477 1962 526 id,
2004 477 2106 530 quod
2134 481 2175 515 in
2203 482 2329 527 seipso
2357 483 2482 517 conti-

1374 540 1439 567 net
1468 544 1557 577 res,
1606 534 1805 582 cognoscit
1835 544 1907 568 eas
1936 535 1975 568 in
2017 535 2178 582 propria
2206 540 2388 576 namra,-
2429 532 2480 572 ζῇ·

1373 592 1487 620 tanto
1502 582 1735 634 perfectius,
1765 593 1913 635 quanto
1931 583 2143 636 perfectius
2163 594 2222 623 est
2236 584 2485 636 unumquod-

1373 650 1447 686 que
1474 640 1514 673 in
1543 641 1624 686 ipso
1643 663 1656 674 .

1426 703 1491 741 92.
1521 690 1608 728 Inst.
1638 690 1832 728 secundo.
1864 689 1954 738 Res,
1984 700 2096 742 prout
2123 693 2277 729 suntin
2305 691 2412 739 Deo,
2441 703 2488 727 o-

1370 745 1450 780 mni
1479 753 1609 782 carent
1637 743 1787 782 defectu
1803 757 1814 788 3
1844 757 1973 781 carere
1992 753 2117 782 autem
2134 758 2209 783 non
2226 754 2378 796 possunt
2397 757 2484 795 pro-

1371 805 1409 832 ut
1437 805 1520 833 snnt
1549 797 1587 833 in
1614 797 1772 847 seipsis3
1803 805 1888 834 sunt
1918 796 2067 844 finitas,
2102 798 2270 849 adeoque
2300 797 2489 849 imperfe-

1369 858 1468 895 ctae3
1499 862 1586 901 ergo
1613 851 1652 887 in
1681 850 1763 887 Deo
1791 863 1866 887 non
1895 850 2070 887 videntur
2087 879 2097 898 ,
2129 859 2238 901 prout
2259 850 2297 887 in
2317 864 2355 888 se
2375 858 2486 895 sunt3

1370 902 1540 954 adeoque
1570 911 1608 940 ut
1636 902 1739 940 Dens
1769 916 1827 941 res
1853 903 2010 941 omnino
2036 911 2262 954 cognoscat,
2292 917 2356 941 eas
2375 902 2488 940 debet

1373 956 1411 993 in
1441 955 1571 1007 seipsis
1600 969 1752 1009 quoque
1782 957 2000 994 immediate
2030 956 2186 994 videre.

1423 1009 1489 1060 93.
1522 1007 1631 1060 Resp.
1649 1039 1660 1057 ,
1690 1023 1777 1060 neg.
1804 1022 1925 1055 cons.;
1955 1009 2058 1047 Deus
2088 1009 2193 1046 enim
2215 1009 2254 1047 in
2285 1009 2406 1060 seipso
2425 1009 2484 1047 vi·

1373 1061 1433 1098 det
1463 1071 1679 1110 creaturas,
1722 1063 1836 1100 etiam
1867 1076 1958 1100 cum
1985 1064 2060 1099 suis
2089 1062 2302 1099 defectibus
2331 1075 2379 1098 eo
2405 1075 2486 1099 mo-

1368 1115 1415 1152 do
1433 1144 1443 1161 ,
1473 1128 1549 1166 qno
1578 1116 1679 1152 videt
1708 1114 1809 1153 mala
1827 1142 1838 1153 .
1868 1115 1980 1153 Licet
2001 1115 2184 1161 malum,
2215 1116 2339 1166 inquit
2360 1115 2487 1166 Ange·-

1369 1166 1471 1205 licus
1497 1169 1528 1205 Ι.
1558 1166 1601 1205 Ρ.
1629 1177 1765 1220 qnaest.
1800 1169 1860 1214 14.
1890 1178 1961 1206 art.
1996 1182 2057 1206 ιο.
2087 1168 2133 1204 ad
2164 1168 2223 1216 5.,
2257 1180 2340 1204 ηοη
2369 1180 2486 1216 oppo-

1368 1230 1490 1257 natur
1519 1226 1702 1259 essentiae
1731 1221 1899 1269 divinoe,
1929 1235 2018 1273 quoe
2047 1234 2128 1258 non
2148 1230 2203 1258 est
2225 1219 2482 1271 corruptibilis

1369 1287 1438 1324 per
1481 1275 1664 1322 malum,
1711 1279 1916 1325 opponitur
1957 1284 2096 1312 tamen
2139 1271 2341 1320 effectibus
2369 1272 2484 1320 «Det,

1369 1340 1463 1376 quos
1490 1340 1560 1377 per
1586 1330 1803 1364 essentiam
1831 1340 1949 1364 suam
1979 1329 2205 1378 εοζςηοεεὶῐ,ι
2247 1327 2297 1365 (9
2326 1338 2392 1362 eos
2420 1337 2484 1362 co-

1368 1393 1566 1431 gnoscens
1595 1380 1710 1417 mala
1740 1384 1918 1430 opposita
1954 1382 2181 1432 cognoscit.
2229 1378 2376 1416 Deinde
2406 1377 2483 1416 Ad-

1368 1434 1526 1470 versarii
1553 1433 1745 1480 docentes,
1777 1434 1904 1471 Deum
1934 1434 2063 1471 videre
2091 1440 2282 1470 creaturas
2303 1432 2345 1468 in
2361 1444 2488 1468 essen-

1369 1486 1422 1522 tia
1450 1498 1515 1522 sua
1534 1515 1544 1532 ,
1574 1495 1757 1536 tanquam
1788 1487 1827 1523 in
1854 1485 2037 1538 speculo,
2067 1486 2192 1524 eidem
2221 1484 2376 1522 obnoxii
2397 1493 2485 1522 sunt

1365 1537 1610 1584 difficultati3
1654 1538 1724 1576 hoc
1753 1540 1857 1575 enim
1887 1541 2137 1590 purissimum
2169 1537 2369 1590 speculum
2399 1551 2482 1575 rna-

1367 1590 1476 1629 culas
1507 1592 1642 1639 etiam,
1673 1591 1707 1627 &
1736 1591 1905 1629 defectus
1932 1591 2114 1629 exhibere
2141 1592 2294 1628 deberet
2312 1617 2323 1629 .

1421 1644 1486 1696 94.
1517 1645 1614 1682 Ιηεῒ.
1639 1645 1768 1682 tertio.
1812 1645 1885 1682 Dei
1915 1643 2089 1696 justitia,
2128 1644 2387 1681 misericordia
2405 1672 2416 1690 ,
2445 1656 2485 1679 o-

1368 1699 1620 1748 mnipotentia
1638 1726 1648 1744 ,
1678 1697 1832 1748 aliaque
1847 1698 2048 1745 attributa,
2079 1697 2299 1735 immediate
2315 1696 2486 1733 referun-

1371 1756 1431 1784 tur
1461 1748 1511 1785 ad
1539 1757 1727 1786 creaturas
1745 1778 1754 1796 ,
1784 1746 1853 1800 qui
1884 1749 2059 1800 aliquam
2086 1748 2309 1786 contrahant
2338 1750 2484 1800 imper-

1369 1800 1588 1838 fectionem:
1618 1814 1705 1851 ergo
1733 1802 1847 1839 etiam
1877 1802 1957 1839 sine
1989 1801 2070 1839 ulla
2099 1802 2385 1853 imperfectione
2406 1809 2486 1853 pot-

1368 1862 1420 1889 est
1448 1852 1521 1890 Dei
1551 1854 1708 1892 scientia
1737 1863 1929 1893 creaturas
1958 1856 1996 1892 in
2027 1855 2158 1907 seipsis
2187 1854 2410 1892 immediate
2430 1862 2486 1893 at-

1370 1907 1514 1957 tingere
1531 1932 1545 1943 ι

1425 1958 1489 2011 96.
1522 1959 1632 2011 Resp-
1651 1973 1732 2012 neg.
1754 1973 1854 1997 cons.
1885 1959 1920 1995 ὃς
1949 1960 2046 1997 ineo
2066 1959 2353 2011 estdisparitas,
2383 1960 2487 2011 quod

1370 2013 1523 2051 scientia
1554 2013 1716 2050 refertur
1731 2013 1778 2051 ad
1800 2026 1857 2049 res
1871 2014 2034 2064 cognitas
2052 2044 2062 2062 ,
2092 2014 2189 2052 sicut
2205 2013 2251 2050 ad
2266 2013 2486 2064 objectum,

1373 2080 1392 2102 a
1422 2079 1497 2118 quo
1527 2068 1692 2118 speciem
1722 2068 1860 2104 sumit:
1892 2067 1990 2103 unde
2017 2067 2049 2104 si
2069 2066 2179 2104 Deus
2203 2075 2392 2104 creaturas
2414 2068 2485 2104 im·

1373 2120 1533 2156 mediate
1564 2122 1604 2157 in
1633 2121 1766 2172 seipsis
1794 2127 2057 2171 cognosceret,
2088 2119 2169 2170 ejus
2190 2119 2355 2169 cognitio
2384 2119 2432 2156 ab
2455 2120 2486 2156 i-

1371 2173 1448 2223 psis
1477 2171 1634 2220 hausta,
1672 2174 1722 2211 ab
1754 2173 1885 2211 iisdem
1916 2173 2106 2224 speciem,
2149 2170 2183 2207 δί
2212 2171 2485 2223 perfectionem

1368 2225 1582 2277 acciperet.
1625 2227 1913 2278 Oinnipotentia
1942 2235 2091 2273 autem,
2123 2224 2293 2275 justitia,
2337 2224 2485 2261 miseri-

1368 2279 1497 2315 cordia
1527 2278 1597 2317 ἃς.
1627 2290 1815 2317 creaturas
1845 2280 2076 2330 respiciunt,
2123 2287 2162 2314 nt
2191 2276 2344 2314 effectus
2362 2307 2371 2324 ,
2415 2278 2484 2329 qui

1369 2345 1391 2368 a
1420 2345 1533 2369 causa
1553 2346 1665 2370 suum
1680 2346 1756 2369 esse
1785 2333 2011 2381 desumunt,
2031 2330 2186 2370 nullam.
2212 2340 2339 2369 autem
2359 2331 2488 2368 eidem

1372 2384 1642 2435 perfectionem
1671 2386 1844 2423 tribuunt
1861 2412 1875 2422 ..

1424 2437 1489 2488 96.
1520 2437 1615 2489 Obj.
1643 2441 1803 2476 secundo
1821 2465 1829 2476 .
1861 2439 1900 2476 S.
1927 2438 2095 2476 Thomas
2124 2439 2157 2476 I.
2185 2437 2226 2475 Ρ.
2256 2450 2294 2489 q.
2318 2451 2382 2475 20.
2412 2445 2483 2474 art.

1372 2503 1408 2527 2.
1439 2491 1486 2527 ad
1517 2505 1551 2528 2.
1583 2491 1718 2539 Deus,
1762 2493 1915 2544 inquit,
1953 2491 2004 2529 ab
2032 2501 2182 2529 aeterno
2211 2494 2388 2541 cognovit
2419 2502 2484 2527 res

1369 2547 1409 2579 in
1437 2548 1602 2594 propriis
1631 2550 1787 2583 naturis
1877 2549 1975 2582 sicut
2005 2546 2054 2586 &-
2090 2559 2162 2582 nos
2190 2558 2260 2595 per
2302 2544 2482 2581 similitu-

1371 2595 1484 2634 dines
1510 2611 1642 2635 rernm
1660 2629 1670 2646 ,
1712 2612 1801 2649 quie
1830 2605 1871 2635 in
1900 2599 2010 2636 nobis
2046 2608 2163 2646 sunt,
2207 2601 2484 2649 cognoscimus

1371 2662 1433 2687 res
1462 2654 1503 2687 in
1532 2656 1667 2704 seipsis
1697 2657 1942 2689 existentes:
1972 2666 2058 2702 ergo
2089 2651 2158 2688 ἃς.

1424 2717 1489 2754 97.
1522 2704 1631 2757 Resp.
1661 2706 1746 2743 dist.
1790 2706 1897 2744 Deus.
1929 2706 2105 2756 cognovit
2146 2718 2210 2741 res-
2234 2704 2272 2741 in
2317 2704 2485 2755 propriis

1370 2760 1514 2793 naturis
1543 2758 1776 2797 immediate
1807 2761 1848 2797 in
1867 2760 1995 2811 seipsis
2013 2788 2024 2805 ,
2053 2771 2154 2810 nego
2172 2773 2186 2802 ‚·
2216 2766 2326 2809 prout
2357 2758 2394 2793 in
2416 2771 2484 2792 sua

1371 2811 1530 2848 essentia
1545 2813 1809 2859 continentur,
1835 2813 2227 2864 &repraesentanth
2257 2822 2366 2846 conc.
2397 2808 2487 2846 'Non

1371 2863 1552 2900 debemus
1597 2875 1757 2903 mentem
1787 2867 1827 2904 S.
1858 2865 2104 2916 Praeceptoris
2145 2863 2253 2915 quasi
2296 2863 2484 2913 expiscari

1373 2929 1417 2951 ex
1448 2917 1515 2964 iis,
1544 2931 1630 2969 qua:
1661 2919 1810 2967 obiter,
1852 2919 1886 2955 ἃ
1915 2918 2023 2956 aliud
2051 2931 2161 2969 agens
2190 2915 2399 2967 aliquando
2426 2915 2485 2953 di-

1374 2970 1452 3014 xit3
1483 2984 1569 3007 cnm
1603 2974 1801 3023 perspicue
1831 2974 1869 3010 in
1901 2973 1944 3010 iis
1973 2971 2066 3008 locis
2094 2978 2221 3020 patet,
2252 2968 2319 3005 ubi
2340 2968 2425 3006 data
2444 2980 2485 3004 o-

1376 3035 1466 3073 pera
1497 3021 1591 3061 hanc
1621 3027 1823 3064 materiam
1850 3024 2049 3077 expendit.
2079 3023 2180 3060 Loco
2200 3020 2349 3072 objecto
2377 3035 2485 3074 qnae·

1378 3078 1424 3111 rit
1457 3076 1660 3127 Angelicns
1675 3108 1685 3126 ,
1715 3080 1904 3130 quomodo
1923 3076 2080 3128 potnerit
2103 3076 2204 3113 Deus
2226 3084 2415 3112 creaturas
2436 3074 2486 3112 ab

1380 3138 1520 3166 aeterno
1550 3144 1699 3179 amare,
1729 3146 1817 3184 qnae
1848 3144 1922 3168 non
1949 3138 2051 3166 erant
2081 3129 2229 3181 aliquid
2258 3128 2307 3166 ab
2328 3130 2411 3180 ipso
2429 3129 2486 3165 di-

1381 3182 1590 3220 stinctum?
1623 3184 1829 3236 Respondet
1849 3192 2002 3229 autem,
2029 3183 2130 3234 qnod
2159 3182 2486 3235 quemadmodum

1382 3235 1490 3273 Deus
1514 3237 1562 3273 ab
1593 3246 1734 3275 aeterno
1762 3251 1818 3274 res
1845 3237 2019 3287 cognovit
2050 3238 2085 3272 in
2117 3237 2282 3288 propriis
2316 3237 2487 3280 naturis,

1383 3288 1514 3326 eadem
1546 3292 1686 3328 ratione
1727 3292 1841 3328 etiam
1874 3291 2042 3326 amavit.
2087 3289 2221 3326 Solum
2251 3302 2338 3338 ergo
2380 3286 2487 3334 vult,

1383 3355 1442 3382 res
1469 3343 1584 3383 fuisse
1612 3343 1693 3383 Deo
1721 3343 1769 3382 ab
1798 3351 1940 3381 aetemo
1967 3344 2158 3396 cognitas,
2187 3343 2221 3379 δε
2249 3340 2404 3393 quidem
2435 3353 2491 3377 se-

2348 3407 2442 3432 cun-
