2577 3633
502 76 687 122 MYST.
721 76 946 122 TRINIT.
980 75 1113 125 NON
1145 75 1294 119 ESSE
1328 75 1581 123 CONTRA
1635 75 1987 122 RATIONEM.

85 161 256 212 tingere,
284 171 373 212 quae
401 169 516 208 supra
544 165 721 197 naturam
751 167 837 197 sunt
855 158 997 209 posita:
1027 169 1116 208 ergo
1133 170 1200 195 ne-

86 228 163 267 que
194 219 310 266 potest
337 210 482 249 solvere
509 209 771 262 objectiones,
813 224 903 264 quae
931 210 1029 248 fiunt
1068 220 1199 248 contra

86 268 314 321 mysterium
342 264 567 311 Trinitatis,
615 265 717 315 quod
746 274 797 305 est
839 277 954 317 supra
993 272 1197 310 naturam;

86 323 255 373 adeoque
282 331 431 370 semper
460 316 535 355 hoc
562 318 922 358 videbiturveritati
941 317 1199 359 contrarium.

85 375 254 415 Ulterius
283 373 381 411 ratio
407 369 588 410 naturalis
625 370 774 410 nullam
817 372 892 410 sibi
921 371 1046 410 ideam
1088 369 1199 408 effor-

83 441 191 466 mare
222 435 338 478 potest
365 426 542 479 mysterii
570 425 796 464 Trinitatis:
832 439 921 478 ergo
947 424 1098 463 nullum
1128 424 1193 462 ha-

79 481 145 521 bet
174 481 412 534 principium
429 510 439 527 ,
471 478 567 516 unde
595 477 851 529 objectiones,
891 493 980 532 quae
1008 487 1135 516 contra
1163 479 1195 516 i-

80 548 196 589 psum
225 534 343 581 fiunt,
373 533 522 571 solvere
548 534 681 584 possit:
713 546 799 585 ergo
828 533 897 571 διο.
941 533 994 570 Ita
1023 531 1193 571 Baelius.

142 601 230 641 190.
260 586 373 638 Resp.
404 588 542 638 primae
570 585 786 625 difficultati
815 600 902 638 neg.
930 600 1032 624 cons.
1060 586 1194 634 Quan-

109 655 199 680 uam
227 641 328 679 enim
353 641 534 692 mysteria
547 639 636 678 fidei
659 639 789 678 lumen
810 641 966 679 rationis
979 640 1164 685 excedunt
1180 669 1193 688 ,

76 695 178 734 ilud
207 704 335 733 tamen
364 707 436 733 non
478 694 661 732 excedunt
696 693 955 745 objectiones,
1002 708 1090 745 quae
1120 692 1195 731 fal-

77 747 254 797 lacibus,
303 748 337 785 &
365 748 639 801 apparentibus
679 756 822 786 tantum
853 748 1059 786 ratiociniis
1088 747 1191 785 inni-

77 810 209 842 tuntur
232 829 244 842 .

136 869 225 909 ¹9¹·
256 855 366 908 Resp.
397 855 602 894 secundae.
631 854 864 906 Quanquam
884 852 1030 891 claram
1057 853 1190 891 distin-

75 918 254 963 ctamque
284 910 513 957 Trinitatis,
560 906 620 946 vel
650 907 804 944 alterius
845 907 1018 958 mysterii
1061 907 1189 945 ideam

74 964 187 1001 nobis
215 963 416 1002 efformare
444 975 521 1000 non
551 973 777 1012 possumus,
806 973 889 997 eam
910 968 1037 998 tamen
1058 962 1187 1012 cogni-

74 1018 219 1056 tionem
248 1017 361 1056 nobis
386 1028 504 1053 sacrae
533 1013 669 1050 litterae
698 1014 968 1064 suppeditant,
997 1027 1074 1065 qua
1105 1028 1187 1065 pos-

73 1084 205 1110 sumus
233 1068 474 1108 difficultates
500 1066 549 1104 ab
580 1066 712 1117 im-piis
738 1067 929 1119 oppositas
957 1068 1159 1117 expedire.

134 1137 222 1175 192.
249 1121 393 1160 Saltem
411 1150 423 1169 ,
452 1121 576 1172 inquit
604 1118 773 1167 Baelius,
816 1119 1048 1171 objectiones
1077 1129 1187 1159 erunt

71 1176 315 1228 perspicuae,
361 1183 488 1226 utpote
517 1186 563 1210 ex
605 1172 769 1210 naturali
813 1176 958 1211 ratione
985 1175 1157 1212 deductae
1176 1205 1185 1223 ,

67 1231 333 1282 responsiones.
359 1235 488 1267 autem
514 1226 688 1266 obscurae
705 1256 716 1275 ,
760 1236 885 1280 utpote
913 1240 958 1265 ex
987 1229 1190 1283 principiis

69 1281 246 1322 obscuris
273 1283 458 1322 derivatas
476 1309 489 1320 .

129 1336 217 1387 195.
247 1334 362 1387 Resp.
390 1349 476 1387 neg.
504 1346 642 1386 prop.;
672 1347 799 1386 neque
825 1335 955 1383 enim,
994 1344 1034 1372 ut
1062 1335 1189 1375 Baetio

66 1388 246 1437 videtur,
276 1402 320 1426 ex
348 1388 453 1427 clara
482 1388 760 1439 manifestaque
789 1389 933 1426 ratione
950 1419 960 1436 ,
994 1389 1058 1427 sed
1086 1389 1186 1427 dun-

67 1449 170 1480 taxat
212 1456 258 1480 ex
288 1441 495 1481 fallacibus
536 1442 747 1478 ratiociniis
784 1440 1015 1491 objectiones
1054 1451 1185 1480 contra

67 1492 296 1534 Trinitatem
310 1526 320 1544 ,
341 1504 406 1533 aut
422 1494 499 1532 alia
516 1495 694 1547 mysteria
710 1495 913 1546 procedere
931 1504 1086 1543 possunt
1101 1495 1182 1546 (a),

128 1549 217 1601 194.
247 1550 323 1588 Ob.
352 1549 518 1587 secundo
534 1574 545 1585 .
575 1547 814 1598 Principium
832 1559 881 1585 est
900 1548 1011 1600 longe
1027 1549 1182 1588 eviden-

66 1602 288 1650 tissimum,
337 1604 400 1640 cui
429 1603 552 1640 omnis
594 1602 848 1639 ratiocinandi
889 1616 951 1639 ars
986 1603 1184 1640 innititur:

70 1653 177 1705 Quae
202 1664 294 1692 sunt
322 1655 465 1694 eadem
495 1659 562 1692 uni
591 1658 731 1702 tertio,
774 1664 866 1693 sunt
894 1655 1040 1693 eadem
1077 1659 1184 1693 inter

66 1721 139 1747 se:
169 1709 232 1748 sed
263 1708 353 1748 huic
382 1710 577 1761 principio
604 1723 624 1745 e
652 1708 838 1745 diametro
858 1709 1066 1758 opponitur
1095 1722 1184 1760 my-

63 1763 223 1800 sterium
252 1761 475 1806 Trinitatis;
505 1774 593 1797 nam
622 1759 752 1806 Pater,
781 1759 816 1796 ἃ
846 1759 998 1807 Filius,
1029 1759 1065 1795 8(
1091 1760 1180 1811 Spi-

64 1816 160 1852 ritus
189 1813 348 1851 Sanctus
379 1827 524 1860 unum,
568 1813 748 1863 idemque
777 1821 863 1850 sunt
899 1826 989 1850 cum
1019 1814 1182 1852 essentia.

63 1866 224 1915 divina,
261 1881 332 1907 nec
362 1876 489 1906 tamen
520 1880 642 1905 unum
671 1866 852 1920 idemque
880 1874 964 1904 sunt
993 1866 1089 1904 iuter
1118 1879 1180 1904 se:

68 1934 155 1972 ergo
185 1921 258 1958 &m

127 1976 214 2026 ¹95·
245 1973 360 2026 Resp.
395 1988 487 2012 cum
515 1973 555 2012 S.
585 1972 663 2010 Th.
691 1972 723 2009 Ι.
752 1971 796 2010 Ρ.
832 1986 901 2024 qu.
931 1971 996 2010 28.
1037 1981 1109 2012 art.
1139 1973 1180 2013 3.

63 2027 114 2065 ad
139 2041 171 2065 1.
200 2028 286 2066 dist.
317 2026 410 2079 maj.
439 2028 540 2075 Quae
568 2036 651 2065 sunt
681 2025 814 2065 eadem
843 2027 909 2063 uni
929 2027 1037 2063 tertio
1066 2039 1108 2064 re
1127 2027 1180 2068 ἔν’

63 2085 220 2119 ratione
239 2111 250 2129 ,
292 2090 374 2119 sunt
404 2082 536 2119 eadem
566 2082 661 2119 inter
688 2094 753 2127 se,
783 2092 896 2117 conc-
914 2094 930 2124 ,ss
971 2093 1060 2131 quae
1089 2089 1179 2118 sunt

62 2135 198 2171 eadem
226 2137 294 2172 uni
323 2136 456 2182 tertio,
485 2148 558 2182 re,
586 2134 619 2171 8:
640 2147 719 2172 non
739 2137 894 2173 racione
911 2163 923 2182 ,
951 2146 1075 2185 negO.
1106 2132 1179 2171 Res

62 2187 106 2224 in
135 2188 257 2237 seipsa
283 2187 436 2225 subtilis
461 2187 604 2225 clarior
636 2188 679 2225 fit
709 2185 924 2238 exemplis.
970 2187 1057 2224 Non
1086 2186 1178 2225 licet

63 2239 117 2276 ita
145 2239 353 2290 colligere:
393 2239 534 2286 homo,
564 2240 614 2279 (9·
642 2239 799 2277 brutum
827 2248 918 2275 sunt
947 2238 1052 2276 idem
1081 2252 1177 2278 curn

63 2295 214 2330 vivente
231 2322 241 2339 ,
271 2304 365 2342 ergo
392 2292 601 2330 surztz'tlem
624 2296 729 2330 inter²
754 2305 824 2329 se:
855 2296 981 2339 actio,
1012 2293 1062 2332 (ἔθ’
1080 2305 1174 2343 pas-

62 2349 121 2383 sio
149 2354 240 2382 sunt
269 2358 393 2382 unum
434 2346 483 2386 <90
512 2345 618 2382 idem
660 2358 751 2384 cum
781 2354 918 2382 motu:
961 2358 1055 2397 ergo
1082 2355 1174 2384 sunt

91 2412 213 2450 noque
242 2401 346 2435 inter
371 2412 414 2436 se
428 2412 552 2436 unum
580 2399 629 2438 (θ’
649 2398 777 2437 idem.
807 2399 985 2447 Quorum
998 2401 1174 2438 omnium

75 2466 147 2489 iaec
177 2453 274 2490 ratio
301 2460 377 2499 est,
406 2453 498 2503 quia
529 2452 612 2490 haee
639 2465 718 2491 non
744 2461 832 2491 sunt
859 2453 962 2492 idem
990 2466 1079 2491 cum
1100 2462 1175 2493 ter-

60 2507 113 2544 tio
130 2536 140 2552 ,
170 2518 240 2552 re,
269 2506 318 2545 ὠ·
347 2509 533 2554 ratione,
560 2519 624 2543 seu
653 2507 864 2545 secundum
884 2520 1038 2543 omnem
1059 2508 1172 2545 ratio-

60 2572 180 2604 nem3
225 2559 288 2597 sed
316 2559 527 2598 secundum
555 2568 698 2597 certam
726 2559 936 2612 quamdam
962 2561 1173 2609 rationem,

61 2611 96 2650 8<
125 2611 383 2662 inaclaequate
409 2621 580 2660 tantum,
608 2612 786 2651 differunt
814 2622 940 2650 autem
961 2615 1174 2652 secundum

62 2664 181 2704 aliam
211 2667 394 2706 rationem
412 2692 423 2703 .
455 2667 508 2704 lta
535 2668 651 2705 etiarn
680 2664 812 2714 Pater,
841 2666 994 2715 Filius,
1022 2667 1056 2704 St
1086 2667 1176 2719 Spi-

59 2719 156 2757 ritus
185 2718 349 2757 Sanctus.
376 2728 462 2757 sunt
487 2721 646 2774 quidem
677 2721 801 2771 reipsa
829 2733 977 2768 unum,
1007 2719 1041 2756 δε
1070 2721 1171 2759 idem

62 2784 149 2810 cum
178 2773 311 2812 divina
330 2774 489 2813 essentia
505 2804 515 2821 ,
544 2788 620 2811 non
640 2783 765 2811 tamen
786 2774 994 2812 secundum
1014 2786 1170 2812 omnem

64 2826 271 2864 rationem:
300 2828 392 2880 qnia
421 2828 578 2865 essentia
606 2828 739 2864 divina
766 2835 819 2865 est
847 2826 994 2882 aliquid
1021 2827 1176 2866 absolu-

65 2883 173 2926 tum,
201 2882 403 2931 paternitas
433 2890 558 2918 autem
576 2911 587 2929 ,
618 2879 777 2929 filiatio,
807 2880 841 2918 8(
870 2882 1025 2932 spiratio
1055 2883 1173 2933 passi·

66 2941 115 2968 va
142 2933 328 2985 pertinent,
351 2935 398 2974 ad
424 2949 547 2989 genus
572 2933 807 2976 relativum„
841 2934 943 2973 Hinc
972 2936 1174 2975 manifeste

119 3078 171 3112 (α)
193 3076 335 3110 Consuli'
358 3079 423 3115 hac
446 3081 486 3114 de
512 3094 552 3115 re>
567 3089 698 3127 queunt
725 3090 850 3116 auctor
871 3082 1039 3126 anonymi
1065 3082 1171 3116 libri.-

69 3120 117 3153 La
133 3121 194 3163 foi
215 3123 372 3168 jusrzfie'e
398 3129 445 3159 de
466 3137 535 3162 tout
562 3129 727 3174 reproche
748 3130 790 3162 cle
817 3131 1072 3165 contradiction
1090 3141 1169 3162 avec

69 3169 104 3200 ld
133 3172 244 3200 ''also'‘
262 3190 272 3207 ι
300 3170 444 3214 Phlqtlsst
462 3174 615 3210 Die-tion.
642 3178 705 3209 des
731 3177 885 3209 heresies
904 3185 974 3208 art..
998 3177 1170 3211 Anti-tri-

69 3217 217 3265 nitstires
244 3216 275 3267 5
308 3228 335 3247 x.
362 3217 420 3249 ubi
445 3222 666 3262 potissimum
688 3221 851 3266 expendit
877 3222 1090 3265 objectiones
1110 3235 1170 3255 an-

68 3268 175 3292 ΟῑΟΓΙδ
202 3262 426 3313 epistolarum
453 3278 507 3297 sur
531 3269 565 3300 la
591 3272 739 3313 religion
758 3271 958 3302 essentielle
983 3272 1003 3301 ἁ
1031 3268 1172 3303 l’Hotn-

67 3317 144 3345 ωσι·
169 3319 208 3341 ac
232 3308 322 3343 hbet
347 3310 542 3356 inscriptus,
562 3313 612 3351 La.
633 3318 780 3364 religion
806 3320 928 3363 vonge'e
945 3315 1018 3352 vol.
1037 3326 1072 3352 a.
1092 3316 1176 3351 lete..

2262 94 2316 136 ²9

1263 157 1438 209 sequitur
1453 187 1463 205 ,
1494 156 1691 195 laudatum
1709 158 1861 196 axioma
1875 157 2055 209 mysterio
2070 156 2266 196 Trinitatis
2287 157 2372 196 nul-

1266 208 1304 246 lo
1332 211 1443 247 modo
1471 213 1638 262 opponi.

1326 263 1411 314 196.
1441 263 1593 302 Similis
1632 266 1709 303 fere
1738 272 1789 302 est
1830 263 1928 302 alius
1957 265 2250 317 paralogismus,
2292 277 2374 318 quo

1266 315 1477 355 Sabelliani
1508 319 1734 366 utebantur,
1772 318 1962 359 dicentes·-
1994 318 2116 357 Przter
2143 329 2201 357 est
2229 319 2367 369 Deus,

1267 368 1387 408 Filius
1417 380 1473 408 est
1493 370 1630 418 Deus;
1660 385 1752 425 ergo
1782 370 1903 408 Pater
1931 379 1987 408 est
2008 371 2152 421 Filius,
2182 373 2283 427 quod
2312 388 2369 411 se-

1263 436 1353 461 cum
1383 435 1521 475 pugnat
1539 453 1548 461 .
1583 428 1620 465 ln
1650 440 1692 463 eo
1722 426 1825 464 enim
1847 426 2097 479 aequivocatio
2125 426 2235 475 latet,
2266 427 2369 479 quod

1262 490 1354 514 cum
1381 478 1542 515 dicitur:
1586 480 1709 518 Putet*
1735 488 1795 518 est
1822 478 1959 526 Deus,
1989 477 2110 517 Filius
2140 489 2197 517 est
2225 479 2337 518 Deus
2354 510 2368 528 ,

1262 542 1333 568 vox
1364 529 1432 568 illa
1451 530 1562 569 Deus
1589 547 1665 572 non
1693 534 1858 572 sumitur
1877 531 2119 583 adaequate,
2149 532 2183 570 δε
2209 542 2280 571 tota
2301 548 2369 572 sua

1260 584 1501 631 extensione,
1531 587 1595 624 sed
1624 597 1732 639 prout
1754 587 1861 625 Pater
1890 596 1940 624 est
1961 585 2163 637 singularis
2190 587 2369 638 quaedam

1259 650 1419 689 persona
1448 638 1603 687 divina,
1633 656 1722 693 quas
1750 657 1771 679 a
1801 641 1904 679 Filio
1930 640 2192 691 distinguitur:
2220 639 2254 676 8<
2284 654 2371 691 per-

1259 691 1346 729 inde
1376 691 1455 729 fere
1484 701 1560 740 est,
1591 707 1634 730 ac
1663 696 1693 732 si
1722 696 1807 747 quis
1836 695 2000 733 diceret:
2047 693 2186 732 Petrus
2214 702 2272 730 est
2301 693 2368 730 lto-

1259 758 1351 792 mo,
1384 744 1531 782 [mizius
1561 755 1619 784 est
1648 746 1785 785 homo:
1816 761 1908 800 ergo
1939 747 2075 785 Petrus
2104 755 2161 785 est
2190 746 2365 785 Paulus.

1257 797 1309 835 Ut
1336 797 1557 848 hujusmodi
1588 801 1829 839 ratiocinium
1858 802 2028 854 aliquam
2049 802 2128 838 vim
2157 800 2369 851 obtineret,

1255 852 1309 890 sic
1337 852 1490 891 deberet
1519 854 1686 891 institui:
1716 853 1846 891 Putris
1865 868 2037 903 persona
2057 864 2115 892 est
2136 855 2205 891 illa.
2219 854 2367 893 eadem.-

1255 918 1427 956 persona
1444 936 1455 955 ,
1484 920 1571 958 quoe
1599 915 1658 944 est
1686 906 1835 945 Filius:
1864 921 1959 960 ergo
1985 908 2109 945 Pater
2135 917 2193 945 est
2221 907 2365 946 Etlms.

1255 959 1331 998 Sed
1360 960 1496 999 falsam
1526 975 1601 999 esse
1631 962 1798 1015 primam
1828 962 2123 1014 propositionem
2153 963 2269 1000 etiarn
2288 976 2364 1000 cae-

1254 1027 1325 1052 cus
1353 1014 1524 1053 videret.

1314 1081 1402 1121 ¹97·
1433 1069 1521 1106 Inst.
1551 1069 1678 1120 primo
1694 1095 1706 1107 .
1735 1067 2001 1106 Misericordia
2017 1098 2029 1115 ,
2058 1068 2091 1105 8(
2111 1069 2255 1120 justitia
2275 1068 2367 1107 licet

1254 1122 1397 1160 ratione
1424 1123 1524 1160 inter
1552 1137 1590 1160 se
1610 1121 1813 1170 differant,
1844 1123 1934 1174 quia
1949 1130 2074 1159 tamen
2096 1125 2219 1175 reipsa
2240 1137 2363 1161 unum

1253 1184 1340 1214 sunt
1369 1190 1459 1214 cum
1488 1176 1617 1213 divina
1646 1177 1828 1224 essentia,
1858 1184 1946 1214 sunt
1975 1177 2089 1213 etiam
2119 1191 2238 1216 unum
2267 1178 2366 1215 inter

1254 1242 1318 1266 se:
1354 1244 1444 1276 ergo
1469 1231 1553 1282 pari
1583 1229 1668 1281 jure
1696 1231 1747 1268 ita
1775 1229 2003 1267 concludere
2031 1242 2250 1281 possumus:
2295 1230 2364 1267 Pa-

1255 1292 1309 1320 ter
1327 1313 1337 1330 ,
1368 1282 1520 1332 Filius,
1550 1282 1585 1319 ἃ
1612 1283 1779 1335 Spiritus
1806 1283 1991 1331 Sanetus,
2020 1297 2110 1321 cum
2142 1284 2265 1336 reipsa
2293 1284 2365 1321 siut

1253 1350 1374 1374 unum
1404 1351 1495 1375 cum
1532 1337 1667 1376 divina
1695 1338 1877 1384 essentia,
1924 1336 2013 1376 licet
2049 1335 2181 1388 aliqua
2221 1339 2367 1376 ratione

1251 1389 1457 1436 differant,
1487 1399 1598 1428 erunt
1626 1389 1879 1429 nihilominus
1908 1404 2030 1428 unum
2059 1393 2157 1428 inter
2186 1404 2224 1428 se
2245 1417 2257 1430 ·

1310 1442 1397 1493 198.
1430 1442 1542 1494 Resp.
1571 1458 1656 1494 neg.
1678 1457 1855 1495 consequ.
1886 1443 1918 1480 8<
1951 1445 2087 1495 parit.;
2118 1445 2158 1481 in
2187 1457 2229 1481 eo.
2258 1444 2364 1482 enim

1251 1503 1302 1533 est
1322 1497 1553 1544 discrimen,
1582 1497 1682 1547 quod
1704 1497 1962 1534 misericordia
1977 1526 1988 1544 ,
2019 1495 2163 1548 justitia
2180 1527 2190 1544 ,
2221 1505 2364 1538 cetera-

1251 1563 1328 1600 que
1355 1549 1485 1586 divina
1513 1550 1693 1587 attributa
1730 1550 1872 1587 ratione
1898 1549 2056 1601 quidem
2097 1550 2195 1587 inter
2223 1564 2261 1588 se
2288 1551 2364 1588 dif-

1250 1602 1403 1650 ferunt,
1433 1603 1506 1640 sibi
1537 1612 1663 1639 tamen
1694 1604 1858 1640 invicem
1879 1616 1954 1639 non
1974 1613 2244 1654 oppon-untur·
2272 1603 2362 1641 Per-

1248 1668 1351 1692 sonae
1379 1664 1506 1693 autem
1535 1656 1679 1694 divinae
1709 1655 1783 1693 sibi
1813 1666 1946 1693 mutuo
1973 1655 2128 1695 relative
2156 1670 2362 1709 opponun-

1248 1717 1338 1755 tur,
1378 1722 1469 1760 quae
1497 1710 1687 1758 oppositio
1712 1709 1882 1745 relativa
1911 1709 2052 1747 realem
2080 1711 2362 1750 distinctionem

1248 1761 1385 1810 exigit,
1416 1774 1505 1797 cum
1534 1760 1632 1796 nihil
1664 1760 1795 1796 referri
1828 1763 1942 1810 possit
1968 1762 2015 1798 ad
2045 1765 2315 1814 semetipsum.

1309 1811 1395 1863 189.
1428 1813 1517 1850 Inst.
1546 1813 1735 1850 secundo.
1766 1812 1862 1850 Haec
1890 1827 1996 1850 mera
2025 1824 2076 1852 est
2097 1816 2230 1864 petitio
2255 1817 2363 1868 prin-

1247 1865 1369 1916 cipii3
1401 1879 1489 1903 nam
1518 1866 1564 1903 de
1593 1865 1663 1903 hoc
1693 1865 1775 1917 ipso
1794 1867 1955 1918 quaestio
1974 1867 2181 1906 instituitur
2197 1899 2207 1916 ,
2236 1883 2286 1907 an
2306 1885 2362 1908 es·

1248 1933 1286 1956 se
1317 1920 1455 1970 possint
1473 1921 1512 1958 in
1533 1920 1665 1958 divina
1685 1922 1843 1957 essentia
1862 1929 1935 1958 tres
1954 1921 2033 1958 istae
2054 1934 2245 1973 personas,
2273 1938 2362 1975 quae

1247 1972 1351 2010 idem
1381 1982 1465 2010 sunt
1492 1987 1585 2010 cum
1613 1973 1694 2026 ipsa
1715 1975 1872 2012 essentia
1889 2003 1899 2022 ,
1930 1974 2206 2027 distinguantur
2233 1986 2362 2016 autem

1246 2025 1401 2063 realiter
1429 2027 1530 2064 inter
1558 2040 1596 2063 se
1613 2052 1625 2063 .

1303 2092 1395 2117 200.
1425 2078 1536 2130 Resp.
1567 2078 1715 2116 nullam
1743 2078 1809 2117 hic
1838 2094 1913 2118 esse
1955 2082 2179 2131 petitionem
2214 2084 2361 2134 princi-

1245 2132 1329 2182 pii,
1357 2132 1448 2184 quia
1477 2133 1703 2183 mysterium
1724 2131 1921 2171 Trinitatis
1948 2146 1996 2171 ex
2023 2135 2168 2171 ratione
2197 2137 2361 2175 minime·

1242 2185 1565 2232 demonstramus,
1595 2185 1658 2223 sed
1688 2194 1872 2237 tanquam
1900 2196 2047 2224 certum
2077 2196 2229 2239 propter
2256 2189 2357 2228 divi-

1241 2251 1330 2276 nam
1361 2238 1628 2276 revelationem
1648 2238 1871 2277 adoramus:
1901 2241 1935 2277 8<
1955 2240 2079 2278 solum
2094 2242 2326 2280 ostendimus
2343 2274 2354 2287 ,

1240 2291 1339 2330 nihil
1368 2304 1413 2328 ex
1443 2292 1612 2330 humana
1640 2301 1817 2343 rectaque
1845 2295 1989 2330 ratione
2019 2294 2208 2345 produci,
2252 2298 2354 2347 quod

1240 2344 1330 2384 huic
1360 2346 1538 2394 veritati,
1567 2345 1674 2384 nobis
1700 2360 1724 2384 a.
1750 2345 1834 2383 Deo
1863 2345 2038 2385 revelatae
2067 2348 2268 2386 manifeste
2295 2363 2353 2388 re-

1241 2408 1384 2452 pugnet
1400 2426 1411 2437 .

1297 2466 1390 2490 201.
1419 2451 1494 2490 Ob.
1524 2453 1659 2490 tertio,
1688 2450 1920 2503 Mysten-ium
1940 2453 2139 2492 Trinitatis
2158 2453 2356 2507 illi.prin-

1240 2506 1345 2557 cipio
1370 2507 1596 2559 opponitur,
1626 2505 1726 2557 quod
1755 2515 1806 2543 est
1833 2508 2008 2545 omnium
2038 2509 2232 2559 primum:
2269 2508 2351 2547 Im-

1241 2557 1422 2610 possibile
1449 2568 1533 2607 est,
1561 2558 1666 2596 idem
1695 2560 1815 2596 simul
1841 2573 1955 2608 esse,
1982 2560 2032 2601 (θ’
2052 2575 2133 2598 ηοη
2152 2573 2259 2600 esse:
2289 2577 2352 2601 ea-

1241 2613 1331 2651 dem
1360 2615 1462 2651 enim
1490 2613 1668 2651 divinitas
1696 2622 1786 2650 esset
1806 2613 1921 2650 simul
1943 2627 2045 2662 una,
2075 2615 2109 2652 Β(
2126 2614 2354 2667 multiplex,

1243 2680 1319 2705 una
1347 2666 1493 2705 scilicet
1522 2667 1560 2703 in
1588 2674 1748 2712 natura,
1779 2666 1979 2718 multiplex
2001 2669 2041 2706 in
2071 2671 2264 2719 personis5
2294 2671 2351 2707 in-

1237 2722 1362 2771 genita
1391 2721 1430 2757 iu
1457 2719 1588 2765 Patre,
1627 2720 1753 2770 genita
1781 2729 1906 2758 autem
1936 2723 1975 2759 in
2006 2721 2138 2768 Filio.·,
2177 2736 2355 2761 commu-

1237 2773 1419 2813 nicabilis
1437 2772 1646 2809 secundum
1667 2781 1838 2810 naturam
1855 2803 1865 2821 ,
1897 2775 2279 2814 incommunicabilis
2294 2790 2355 2812 se-

1239 2828 1407 2865 cundum
1438 2837 1657 2877 personam:
1688 2825 1722 2860 8(
1749 2826 1824 2864 alia
1844 2827 2134 2880 quamplurima
2162 2829 2350 2880 praedica-

1239 2890 1275 2919 ta
1303 2879 1591 2917 contradictoria
1620 2877 1805 2919 affirmari
1832 2890 1981 2934 possent
2021 2881 2072 2921 de
2096 2895 2276 2936 suprema
2302 2894 2353 2921 ae.

1239 2933 1526 2987 simplicissima
1553 2931 1701 2971 Deitate
1717 2958 1731 2972 ι

2201 3000 2297 3028 202.

1237 3080 1295 3121 6.‚
1321 3078 1388 3111 vol.
1418 3079 1449 3111 3.
1476 3078 1555 3111 lett.
1585 3089 1614 3111 ι.
1641 3080 1704 3111 διο.
1732 3078 1785 3111 Ex
1804 3077 2083 3112 Protestantibus
2099 3078 2246 3112 Bael'ium
2262 3091 2350 3113 con-

1237 3128 1396 3159 futarunt
1425 3125 1616 3158 Leibnitius
1642 3126 1685 3157 de
1712 3126 1746 3157 Ia
1771 3124 1974 3168 confinrmire'
1999 3127 2045 3157 de
2067 3127 2101 3159 la
2116 3124 2178 3167 fini
2201 3137 2281 3158 auec
2306 3128 2346 3159 lm

1238 3177 1376 3211 raison,
1417 3171 1657 3214 Jacquelotius
1695 3170 1825 3214 pariter
1853 3172 1888 3203 in
1924 3170 2018 3204 libro
2037 3170 2196 3214 ejusdem
2220 3172 2340 3210 tituli,

1239 3218 1374 3253 Pfaffins
1401 3218 1437 3251 in
1464 3216 1618 3249 Dtmrt.
1644 3216 1937 3256 Anti-Baelianis,
1963 3220 1998 3250 ἃς
2018 3217 2144 3250 Joann.
2172 3216 2250 3249 Alb.
2279 3217 2344 3249 Fa-

1237 3265 1369 3300 bricius
1399 3265 1433 3296 in
1460 3263 1606 3297 Delecezz
1643 3272 1909 3306 argumentorum
1934 3276 1993 3307 pro
2032 3267 2128 3296 verit.
2156 3264 2343 3307 religionis

1238 3312 1468 3352 Christiana,
1491 3321 1568 3356 cap·
1595 3308 1650 3354 24·
1674 3317 1804 3357 praeter
1828 3310 1912 3346 alios
1937 3322 2007 3347 non
2030 3321 2184 3356 paucost
