2577 3633
297 89 355 143 ,ζα

293 168 359 220 94.
390 166 491 204 Hinc
520 164 673 201 fortasse
702 161 843 200 factum
872 167 951 208 est,
993 167 1033 195 ut
1073 159 1154 210 ipse
1185 157 1343 195 Richar-

234 219 306 259 dns
335 233 401 256 sua
429 217 545 254 allata
574 219 716 253 ratione
746 216 904 253 minime
945 220 1136 250 contentus
1170 224 1255 262 cap.
1282 210 1342 249 18.

234 273 353 310 aliam
384 270 656 316 insinuaverit,
685 267 863 320 quamvis
890 279 961 304 nou
988 265 1143 301 omnino
1172 264 1343 312 claram,

236 324 270 359 ἃ
300 322 418 362 multo
445 324 571 360 minus
598 322 850 359 communiter
877 326 1066 369 receptam
1082 331 1093 362 3
1121 329 1260 368 nempe
1289 331 1344 354 es-

233 389 274 415 se
302 379 500 427 proprium
516 374 674 425 ..S'piritui
702 383 842 412 sancto
870 369 1034 418 habere,
1064 382 1137 406 nec
1165 381 1345 419 personae

233 430 354 467 alictii
375 427 473 466 <lare
487 443 504 472 5
529 441 742 465 commune
769 435 908 463 autem
927 423 1041 460 Patri
1068 423 1116 462 (θ’
1134 422 1229 460 Filio
1256 432 1344 460 tam

234 481 379 520 habere
396 511 406 529 ,
436 494 560 532 quam
582 480 680 518 clare
698 506 707 517 .
738 479 878 517 Merito
907 486 1033 514 autem
1055 474 1172 514 Patris
1203 474 1344 513 Filium

233 533 313 572 dici
342 534 544 583 debuisse,
592 537 653 570 cui
682 532 803 568 Pater
832 529 936 568 lianc
979 532 1232 581 proprietatis
1261 541 1345 566 suoe

257 587 410 638 'garam
429 617 440 636 ,
469 588 518 627 Θ
547 584 931 636 imaginisformam
962 585 1098 621 intime
1127 586 1343 632 impressit,

234 644 284 681 ὅ)
313 642 428 692 plene
456 643 648 688 expressit
668 652 682 674 .·
730 646 887 687 propter
915 636 1020 673 lianc
1050 635 1344 687 conformitatis

232 697 531 744 expressionem
560 691 688 728 solum
710 689 853 727 Filium
882 692 1105 741 imaginem
1127 688 1260 726 Patris
1289 686 1345 724 cli-

229 752 297 791 ci,·
325 753 478 797 propter
505 743 574 781 lzoc
593 745 722 781 solum
743 742 884 781 Filium
900 742 1087 796 figuram
1114 741 1347 779 subsitzntiae

231 801 334 837 illius
363 806 469 835 recte
497 801 701 834 nominari
730 797 801 835 διο.
837 797 944 834 Hanc
974 797 1154 833 rationem
1185 795 1340 845 adopta-

229 860 317 889 runt
347 850 561 889 Alexander
590 849 737 888 Alensis
766 851 798 888 Ι.
826 849 868 888 Ρ.
897 864 936 901 q.
959 849 1023 894 42.
1066 849 1239 886 membro
1271 860 1306 885 2.
1329 876 1339 893 ,

233 903 363 955 Major
384 906 423 941 in
444 905 474 942 I.
504 903 683 941 Sentent.
712 903 875 941 distinct.
898 903 935 941 5.
964 917 1003 954 q.
1025 903 1137 938 unica
1157 931 1166 949 ,
1197 900 1341 951 aliique

230 957 374 995 clarius
394 958 562 995 docentes
579 987 589 1004 ,
618 958 895 1008 processionem
914 955 1081 1007 Spiritus
1101 954 1225 991 Sancti
1255 954 1338 990 ideo

231 1024 306 1049 esse
335 1025 357 1047 a
386 1010 504 1047 Verbi
534 1011 767 1061 processione
786 1010 998 1046 distinctam
1016 1038 1026 1055 ,
1055 1008 1146 1058 quia
1177 1006 1247 1044 hoc
1276 1020 1338 1043 ac-

232 1065 328 1116 cipit
357 1063 475 1101 Patris
504 1071 679 1100 naturam
710 1063 957 1109 foeeundam,
997 1070 1034 1097 ut
1063 1059 1180 1097 aliam
1209 1059 1337 1096 Perso-

230 1129 319 1153 nam
348 1117 556 1168 producere
575 1116 714 1167 possit3
744 1128 818 1152 non
838 1117 892 1152 sic
918 1123 1047 1151 autern
1070 1113 1232 1164 Spiritus
1252 1126 1337 1150 san-

230 1180 337 1218 ctus,
368 1184 389 1206 a
418 1183 494 1221 quo
522 1168 627 1206 nulla
656 1168 731 1205 alia
752 1167 913 1205 Persona
942 1167 1137 1218 procedit.
1169 1166 1271 1203 Hanc
1301 1179 1339 1201 e-

232 1224 326 1260 tiam
356 1224 539 1259 rationem
568 1220 671 1258 haud
701 1221 859 1258 obscure
902 1221 1091 1256 insinuare
1119 1219 1270 1256 videtur
1298 1218 1339 1256 S.

231 1274 393 1313 Basilius
423 1275 511 1313 Lib.
536 1274 584 1312 V.
613 1282 741 1312 contra
768 1273 1002 1310 Euuoinium
1020 1301 1031 1319 ,
1060 1272 1196 1308 docens
1215 1301 1224 1319 ,
1255 1271 1342 1323 Spi-

231 1329 347 1366 ritum
377 1328 557 1365 Sanctum
586 1340 660 1364 non
691 1339 796 1376 posse
825 1326 900 1362 dici
922 1323 1070 1361 Filium
1100 1323 1220 1372 Filii,
1251 1326 1343 1374 quia.

233 1394 279 1418 ex
309 1393 351 1416 eo
379 1380 478 1416 alius
506 1392 582 1416 non
612 1378 806 1429 procedit.

287 1432 352 1483 95.
383 1431 523 1468 Praeter
553 1445 594 1467 ea
623 1429 770 1478 multa,
818 1442 906 1481 quae
935 1437 1065 1465 contra
1094 1425 1191 1465 hanc
1221 1426 1342 1480 expli-

229 1489 418 1524 cationem
437 1484 558 1534 objici
587 1492 764 1535 possunt,
796 1481 891 1519 illud
914 1490 967 1519 est
997 1480 1195 1533 palmare,
1227 1481 1342 1519 &ob-

227 1540 365 1584 vium3
396 1552 535 1589 nempe
563 1537 686 1574 adhuc
708 1535 981 1587 explicandum
1002 1548 1217 1586 superesse,
1248 1549 1342 1587 qua-

228 1606 273 1630 ·re
303 1589 427 1629 Filius
456 1605 523 1642 per
551 1591 830 1641 generationem
872 1588 1035 1639 accipiat
1065 1597 1235 1625 naturam
1273 1589 1345 1626 foe—

229 1645 394 1683 cundam
423 1646 471 1682 ad
499 1644 785 1696 productionem
815 1641 967 1679 alterius
989 1655 1158 1691 personae
1179 1642 1343 1689 divinae,

231 1699 399 1749 Spiritus
420 1707 567 1735 sanctus
597 1706 721 1733 autem
751 1708 825 1733 non
846 1693 1037 1745 accipiat?
1068 1694 1237 1732 Fortasse
1252 1696 1344 1745 quia

229 1751 359 1788 Filius
388 1750 525 1787 similis
553 1757 606 1786 est
636 1747 765 1785 Patri?
795 1748 842 1784 At
870 1747 1035 1797 Spiritus
1065 1756 1213 1783 sanctus
1228 1749 1343 1783 etiam

234 1812 287 1840 est
316 1802 452 1839 similis
470 1831 481 1849 ,
509 1801 544 1836 8:
575 1800 734 1850 aequalis
762 1799 891 1845 Patri,
921 1813 943 1835 a
973 1810 1049 1849 quo
1078 1799 1249 1835 eamdem
1270 1811 1342 1836 nu-

234 1868 340 1894 mero
369 1856 508 1905 accipit
537 1854 730 1890 essentiam
748 1877 758 1889 .
805 1851 975 1887 Ulterius
1012 1852 1188 1902 quamvis
1219 1851 1342 1889 Filius

234 1910 280 1947 sit
309 1907 409 1944 Patri
436 1906 594 1943 omnino
622 1905 784 1951 similis,
833 1903 865 1939 8<
897 1902 1084 1955 aequalis,
1114 1916 1187 1940 non
1216 1911 1342 1941 tamen

235 1977 258 2000 a
286 1959 392 1997 Patre
421 1960 585 2010 accipit,
616 1967 656 1995 ut
675 1959 788 2010 possit
817 1955 938 1994 alium
967 1969 1146 2006 generare
1167 1955 1312 1994 Filium
1331 1983 1341 1995 .

233 2015 326 2054 Jure
356 2013 468 2064 igitur
486 2042 496 2059 ,
527 2013 737 2061 meritoque
766 2009 850 2046 haec
879 2009 1009 2059 opinio
1037 2008 1235 2058 rejicitur.

289 2066 354 2118 96.
384 2065 584 2102 Secundo.
633 2064 673 2100 S.
703 2062 965 2099 Bonaventura
1006 2063 1045 2097 in
1075 2061 1165 2098 Lib.
1187 2061 1215 2097 I.
1246 2060 1344 2099 Sen-

228 2128 331 2157 tent.
352 2118 511 2156 distinct.
540 2116 598 2154 15.
627 2130 666 2167 q.
689 2127 725 2152 2.
757 2114 931 2151 Verbum
951 2113 1121 2164 genitum
1141 2112 1218 2150 dici
1240 2115 1343 2162 vult,

235 2175 327 2225 quia
357 2170 524 2224 procedit
552 2182 620 2220 per
649 2167 909 2214 intellectum,
951 2166 1138 2217 Spiritum
1169 2175 1344 2204 sanctum

231 2239 325 2265 vero
354 2237 426 2262 non
457 2236 562 2275 posse
592 2222 662 2259 hoc
691 2221 843 2259 nomine
871 2217 1090 2271 appellari,
1138 2220 1230 2270 quia
1257 2233 1344 2272 pro—

236 2281 334 2317 cedit
362 2291 430 2329 per
450 2276 706 2321 voluntatem3
734 2287 823 2326 qnae
843 2273 975 2325 opinio
996 2286 1086 2310 cuin
1114 2281 1240 2309 nostra
1257 2287 1343 2311 con-

232 2334 367 2379 venit,
410 2330 521 2368 modo
548 2330 706 2367 addatur
735 2327 939 2381 explicatio
966 2324 1006 2364 S.
1037 2324 1197 2363 Thomae
1228 2340 1250 2363 a
1277 2339 1344 2365 no—

230 2386 297 2425 -bis
326 2385 498 2436 superius
527 2383 721 2435 exposita.

293 2452 359 2492 97.
390 2437 521 2475 Tertia
562 2437 744 2474 sententia
785 2443 836 2472 est
865 2430 987 2471 Gabr.
1029 2431 1229 2483 Vasquez,
1277 2433 1345 2484 qui

238 2493 378 2544 disput.
407 2490 492 2528 115.
534 2490 573 2527 in
602 2490 629 2526 l.
660 2488 702 2527 P.
732 2488 773 2526 S.
805 2487 965 2524 Tliomae
1004 2499 1087 2537 cap.
1112 2499 1176 2536 7.,
1225 2485 1344 2524 Verbi

238 2545 512 2598 processionem
530 2541 796 2594 appellandam
817 2555 893 2578 esse
908 2541 1207 2592 generationem
1237 2539 1317 2577 vult
1333 2568 1344 2586 ‚

239 2601 331 2650 quia
360 2597 533 2634 Verbum
562 2596 737 2634 divinum
767 2594 800 2631 8<
829 2597 868 2632 in
897 2594 1013 2631 sacris
1054 2592 1214 2639 litteris,
1261 2592 1294 2628 &
1323 2607 1346 2630 a

241 2651 387 2688 Sanctis
408 2649 580 2687 Patribus
610 2648 746 2700 passim
768 2657 921 2687 vocatur
941 2646 1107 2698 perfecta
1123 2675 1134 2692 ,
1164 2643 1197 2680 8<
1226 2658 1347 2682 essen-

241 2703 343 2741 tialis
373 2704 502 2740 aeterni
532 2701 648 2739 Patris
677 2702 828 2752 imag03
872 2701 996 2751 imago
1025 2707 1152 2737 autem
1181 2698 1348 2749 perfecta

242 2755 363 2794 Patris
392 2769 463 2792 non
494 2763 610 2806 potest
641 2769 717 2792 esse
747 2756 817 2792 nisi
848 2751 997 2791 Filius.
1041 2752 1140 2801 Quae
1169 2752 1348 2789 sententia

242 2823 310 2848 nec
340 2807 447 2847 nobis
475 2809 530 2845 dis
562 2808 717 2856 liceret,
760 2809 790 2845 si
820 2806 1073 2859 explicaretur
1100 2813 1226 2858 postea
1260 2818 1350 2843 vera

241 2865 361 2910 ratio,
391 2875 509 2914 quare
535 2823 711 2899 KVerbum
740 2861 887 2899 dicatur
915 2862 1051 2912 imago
1070 2857 1215 2906 Patris;
1246 2871 1349 2895 nem-

245 2929 290 2966 pe
319 2917 410 2967 quia
439 2915 605 2967 procedit
635 2928 701 2967 per
731 2913 963 2951 intellectum
981 2942 991 2960 ,
1038 2912 1077 2950 in
1105 2924 1181 2963 quo
1210 2911 1262 2948 rei
1292 2911 1348 2948 in-

249 2968 408 3007 tellectae
441 2971 568 3021 imago
597 2968 804 3013 formatum
833 2967 868 3003 8<
896 2966 1054 3020 quidem
1083 2966 1208 3016 imago
1228 2964 1348 3003 subsi-

297 3137 346 3171 (a)
374 3134 424 3166 De
448 3133 514 3168 hac
538 3133 684 3169 materia
708 3134 767 3181 qui
794 3133 895 3179 plura
911 3130 1106 3174 desiderat,
1134 3130 1233 3167 adeat
1261 3131 1350 3166 inter

250 3179 336 3212 alios
361 3181 525 3213 Carolum
549 3183 698 3215 W‘itasse
725 3183 835 3215 Tomo
860 3182 902 3214 11.
941 3183 983 3213 cte
1010 3181 1157 3224 Angust-
1182 3179 1350 3213 Trinitate

252 3227 297 3268 Q.
313 3226 356 3258 V.
383 3234 448 3258 art.
471 3227 500 3258 5.
528 3236 610 3258 sect.
632 3238 662 3258 2.
683 3249 692 3266 ‚
717 3229 776 3261 ubi
802 3228 956 3262 breviter
984 3227 1131 3260 aliorum
1159 3225 1351 3269 Tlieologo-

252 3283 331 3304 rutn
356 3274 504 3307 rationes
531 3273 697 3316 exponit,
724 3277 755 3304 δε
772 3274 923 3312 refellit‚·
951 3281 1105 3307 nostram
1125 3282 1161 3306 ut
1187 3272 1350 3316 prohabi-

1022 75 1423 123 Dissffirrxrto
1455 73 1511 121 Π.
1545 69 1673 120 CAP.
1701 69 1780 117 m.

1408 166 1533 205 stens,
1561 155 1594 191 &
1625 152 1852 201 essentialis,
1881 152 1911 206 si
1940 151 2144 203 loquamur
2172 151 2218 190 de
2237 150 2432 194 intellectu
2458 150 2517 196 di'-

1408 211 1524 257 vino,
1555 215 1664 260 prout
1682 218 1797 257 supra
1827 205 2056 256 explicatum
2085 207 2184 243 fuit.

1461 262 1528 314 98,
1559 262 1705 308 Quarta
1731 259 1862 310 opinio
1891 258 2028 295 ane.
2055 257 2197 296 Suarez
2239 273 2315 299 non
2353 259 2520 300 multum

1407 330 1431 353 'a
1461 324 1582 352 nostra
1610 313 1745 350 distat.
1799 308 1920 348 Docet
1948 310 2054 346 enim
2084 310 2146 348 hic
2175 323 2306 350 auctor
2333 313 2423 352 Lib.
2444 311 2519 353 XI.

1411 367 1459 405 cte
1490 365 1598 404 Trin.
1626 379 1712 416 cap.
1734 363 1772 402 6.
1791 393 1804 411 ,
1836 363 2111 415 processionem
2141 363 2263 403 Verbi
2292 365 2414 404 divini
2442 378 2521 404 esse

1411 420 1719 471 generationem,
1766 417 1858 469 quia
1886 415 1929 453 fit
1971 427 2039 467 per
2067 415 2364 456 intellectionein
2393 429 2522 458 actua-

1411 474 1487 510 lem
1505 503 1515 519 ,
1557 483 1647 523 quae
1677 479 1730 507 est
1756 470 1896 521 gradus
1923 468 2031 521 quasi
2061 468 2262 520 specificus
2288 471 2434 510 divinae
2465 486 2521 511 es-

1408 526 1536 564 sentiae
1555 550 1565 562 ·

1464 591 1529 629 99.
1561 577 1632 614 Hae
1662 577 1873 627 praecipuae
1902 583 1988 613 sunt
2016 574 2200 623 patrum,
2248 573 2282 612 8<
2311 573 2521 628 'Theologo-

1410 644 1498 669 rum
1526 631 1724 682 opiniones
1738 630 1785 667 ad
1812 627 2078 680 explicandam
2092 628 2401 667 obscurissimam
2421 628 2521 668 hanc

1411 685 1659 735 quaestionem
1677 712 1687 730 ,
1718 696 1793 734 qua
1814 682 1999 719 Haeretici
2021 691 2201 733 perpetuo
2220 692 2362 721 nostros
2391 682 2521 735 pulsa-

1410 736 1530 782 bant3
1561 749 1634 773 non
1663 744 1703 773 ut
1730 749 1912 773 arcanum
1934 734 2004 772 hoc
2034 736 2258 786 mysterium
2288 735 2429 774 clarius
2457 750 2519 774 co—

1410 798 1652 840 gnoscerent,
1681 789 1744 826 sed
1774 798 1813 826 ut
1831 787 2122 826 difficultatibus
2139 790 2310 826 excitatis
2339 789 2437 827 illud
2458 798 2522 828 aut

1408 851 1536 894 aperte
1558 841 1826 893 exploderent,
1855 850 1919 879 aut
1949 840 2083 878 saltem
2105 842 2146 878 in
2174 840 2338 878 dubium
2369 855 2522 880 revoca-

1407 905 1512 933 rent.
1536 894 1684 933 Fideles
1712 904 1837 932 autem
1858 893 2044 932 Catholici
2072 891 2149 932 illis
2178 896 2400 946 contemptis
2418 922 2429 941 ,
2457 904 2522 934 aut

1407 962 1653 1001 quocumque
1683 949 1794 986 modo
1823 947 1977 995 solutis,
2024 947 2196 1000 mysterii
2239 946 2486 986 substantiam
2509 977 2521 995 ,

1405 1011 1590 1054 quantum
1621 1015 1664 1038 ex
1694 1001 1923 1039 revelatione
1951 1010 2118 1048 constat,
2167 1000 2386 1038 firmissime
2423 1011 2522 1038 tene-

1404 1055 1523 1102 bant,
1552 1055 1586 1090 8(
1615 1064 1687 1092 toto
1715 1055 1837 1109 cordis
1866 1053 2002 1091 affectu
2025 1052 2254 1091 Trinitatem
2284 1055 2323 1092 in
2355 1055 2522 1102 unitate,

1405 1108 1439 1145 δι
1461 1110 1642 1158 unitatem
1659 1110 1699 1147 in
1714 1108 1899 1146 Trinitate
1920 1106 2181 1145 venerabundi
2201 1106 2407 1146 adorabant
2427 1107 2491 1160 (a)
2507 1131 2521 1146 ο

1746 1209 2028 1251 CAPUT
2110 1209 2180 1250 IV.

1412 1317 1642 1357 Ostenditur
1660 1348 1670 1366 ‚
1700 1315 1977 1355 admittendas
1997 1329 2082 1354 esse
2110 1325 2279 1366 quatuor
2307 1318 2520 1359 relationes

1463 1372 1594 1409 reales
1610 1401 1621 1418 ,
1651 1371 1784 1421 quibus
1805 1380 1885 1407 tres
1915 1369 2054 1407 (livinoe
2073 1382 2255 1419 personae
2276 1368 2520 1422 distinguun-

1463 1433 1526 1460 tizr
1553 1423 1604 1461 ab
1633 1427 1801 1462 inricem
1818 1450 1829 1462 .
1861 1422 1899 1461 V
1896 1423 1949 1462 ΠΖ.
1979 1423 2020 1462 S.
2053 1421 2227 1461 Thomas
2247 1422 2280 1460 I.
2309 1422 2354 1462 P.
2383 1432 2524 1476 quaest.

1467 1477 1532 1516 28.
1562 1478 1611 1518 (θ’
1641 1477 1707 1523 40.

1471 1596 1557 1622 110.
1575 1560 1778 1633 Relatio,
1807 1592 1850 1621 ut
1877 1597 2008 1622 omnes
2023 1590 2188 1632 norunt,
2217 1591 2274 1621 est
2302 1580 2396 1621 ordo
2413 1613 2423 1632 ,
2451 1594 2522 1622 seit

1413 1634 1596 1674 habitudo
1625 1642 1740 1675 unitis
1768 1637 1824 1675 act
1852 1637 1987 1676 aliud.
2035 1638 2232 1685 Qnaeritur
2273 1646 2423 1685 autem,
2471 1651 2522 1676 an

1413 1689 1634 1741 hujusmodi
1661 1691 1779 1739 ordo,
1808 1705 1873 1728 seu
1904 1690 2088 1729 habitudo
2117 1692 2156 1729 in
2185 1690 2324 1729 divinis
2353 1691 2524 1742 personis

1410 1743 1655 1790 inveniatur,
1686 1743 1718 1779 St
1748 1745 1905 1794 quidem
1935 1745 2124 1791 realiter,
2154 1757 2219 1781 seu
2247 1757 2270 1780 a
2298 1753 2403 1794 parte
2433 1744 2522 1791 rei,

1411 1793 1444 1829 ἃ
1472 1807 1547 1832 non
1576 1803 1724 1832 tantum
1744 1797 1951 1833 secundum
1980 1803 2148 1833 nostrum
2170 1796 2413 1846 concipiendi
2439 1809 2523 1832 mo·

1408 1846 1530 1894 dum,
1559 1860 1634 1898 quo
1663 1847 1776 1899 plura
1805 1848 1844 1886 in
1874 1849 2013 1886 divinis
2032 1848 2326 1899 distinguimus,
2355 1862 2443 1899 quae
2464 1849 2524 1886 di-

1410 1901 1544 1937 stincta
1572 1901 1698 1952 reipsa
1725 1914 1797 1938 non
1827 1910 1941 1940 sunt.
1971 1902 2145 1949 Quatuor
2165 1909 2290 1938 autem
2321 1900 2520 1952 hujusmo-

1410 1951 1450 1989 di
1480 1951 1680 1991 relationes
1708 1964 1982 2002 numerantur,
2012 1955 2153 2006 quibus
2181 1955 2324 1992 divinae
2346 1953 2522 1993 Personae

1411 2019 1449 2043 se
1478 2015 1610 2043 mutuo
1638 2009 1872 2059 respiciuut3
1902 2007 2046 2046 scilicet
2065 2011 2315 2057 paternitas,
2345 2021 2422 2060 qua
2441 2010 2523 2061 pri-—

1413 2072 1476 2095 ma
1508 2058 1672 2105 Persona
1696 2062 1857 2098 refertur
1886 2061 1933 2098 ad
1962 2061 2166 2098 secundam
2186 2091 2195 2109 ,
2225 2075 2340 2113 quam
2370 2065 2523 2112 genuit3

1399 2110 1554 2161 filiatio
1571 2141 1581 2160 ,
1612 2126 1688 2164 qua
1704 2113 1868 2151 secunda
1886 2115 2052 2152 vicissim
2068 2115 2233 2151 refertur
2253 2113 2300 2151 ad
2329 2117 2495 2165 primam
2507 2145 2521 2164 ,

1411 2177 1433 2199 a
1461 2178 1537 2214 qua
1564 2166 1688 2215 genita
1717 2175 1793 2203 est:
1835 2167 1999 2215 spiratio
2027 2167 2177 2214 activa,
2220 2180 2297 2218 qua
2324 2166 2458 2216 Pater,
2487 2167 2523 2205 8(

1412 2215 1539 2254 Filius
1558 2218 1731 2255 ordinem
1752 2217 1883 2255 dicunt
1904 2219 1952 2256 ad
1966 2218 2156 2270 Spiritum
2178 2228 2349 2257 sanctum
2367 2249 2379 2267 ,
2406 2233 2523 2272 quem

1413 2277 1545 2308 mutuo
1574 2283 1703 2308 amore
1731 2271 1971 2322 producunt3
2001 2284 2044 2309 ac
2064 2271 2218 2309 demum
2247 2276 2411 2322 spiratio
2438 2288 2523 2325 pas-

1412 2323 1493 2361 siva
1511 2353 1521 2372 ,
1550 2337 1626 2376 qna
1642 2323 1805 2376 Spiritus
1833 2334 1983 2362 sanctus
2012 2324 2182 2373 aPatre‚
2212 2324 2363 2363 &Filio
2390 2340 2521 2378 proce-

1412 2376 1492 2422 dit3
1523 2376 1556 2412 ἃ
1587 2376 1645 2414 liae
1675 2376 1873 2415 relationes
1901 2380 2065 2430 originis
2093 2376 2359 2431 appellantur.

1472 2442 1559 2469 101.
1588 2430 1676 2468 Jam
1705 2443 1795 2469 vero
1835 2431 1904 2470 has
1945 2433 2101 2483 originis
2128 2431 2331 2470 relationes
2358 2432 2522 2471 realiter

1413 2495 1490 2520 esse
1518 2484 1558 2521 in
1589 2483 1729 2522 divinis
1757 2483 1947 2533 personis,
1991 2485 2160 2523 dubitari
2189 2486 2350 2523 minime
2377 2495 2522 2538 potest;

1413 2545 1454 2573 ut
1483 2538 1584 2574 enim
1612 2547 1712 2576 recte
1732 2537 1773 2576 S.
1795 2537 1964 2576 Thomas
1991 2539 2237 2576 ratiocinatur
2265 2539 2295 2577 l.
2324 2538 2366 2577 P.
2395 2554 2434 2591 q.
2458 2540 2523 2580 28.

1413 2598 1483 2628 art.
1506 2603 1545 2641 γι.
1562 2620 1572 2638 ,
1596 2594 1597 2597 ’
1621 2590 1743 2628 Pater
1770 2605 1851 2629 non
1880 2590 2047 2640 dicitur,
2094 2595 2169 2629 nisi
2198 2605 2226 2629 a
2252 2597 2492 2642 paternitate
2508 2623 2521 2642 ,

1413 2643 1462 2682 (J
1492 2642 1611 2681 Filius
1639 2644 1920 2696 afiliatione:
1967 2648 2001 2682 si
2030 2648 2147 2697 igitur
2173 2648 2422 2695 paternitas,
2470 2647 2521 2687 ζῇ·

1402 2696 1556 2747 filiatio
1584 2709 1664 2735 non
1693 2701 1770 2735 sint
1799 2700 1840 2735 in
1860 2697 1949 2737 Deo
1977 2700 2136 2736 realiter
2153 2727 2163 2746 ,
2193 2702 2392 2748 sequitur,
2421 2698 2523 2749 (μισεῖ

1415 2748 1524 2787 Deus
1552 2764 1632 2788 non
1660 2754 1708 2789 sit
1737 2752 1899 2790 realiter
1927 2750 2049 2790 Pater
2066 2781 2076 2800 ‚
2106 2760 2178 2790 aut
2197 2750 2343 2800 Filius,
2371 2752 2441 2789 sed
2459 2764 2519 2789 se-

1418 2802 1589 2841 cundum
1618 2802 1818 2842 rationem
1835 2806 2107 2858 intelligentice
2126 2814 2283 2843 tantum
2298 2819 2314 2849 ,-
2341 2803 2441 2855 quod
2461 2814 2519 2843 est

1416 2854 1577 2894 haeresis
1606 2857 1839 2896 Sabelliana
1855 2868 1870 2896 .’

1475 2922 1561 2947 102.
1591 2910 1727 2950 Probat
1757 2911 1912 2949 ulterius
1940 2911 1981 2950 S.
2010 2909 2177 2956 Doctor,
2226 2907 2292 2947 has
2320 2907 2521 2950 relationes

1417 2975 1493 3001 esse
1521 2962 1666 3013 reales,
1714 2965 1747 3001 8<
1777 2974 1927 3004 mutuas
1955 2963 2012 3001 his
2042 2962 2191 3003 verbis:
2242 2962 2341 3000 Cum
2370 2962 2520 3015 aliquid

2380 3029 2468 3070 pro-

1417 3128 1540 3165 liorem
1557 3129 1708 3165 defendit
1723 3155 1731 3163 .
1758 3131 1874 3165 Etiam
1889 3128 1990 3164 Dion·
2019 3130 2177 3164 Petavius
2198 3129 2274 3165 Lib·
2290 3129 2364 3164 VH.
2385 3132 2428 3164 de
2442 3127 2521 3164 Tri-

1418 3182 1480 3211 nit.
1501 3189 1574 3221 cap.
1598 3178 1650 3219 14.
1675 3177 1830 3211 eamdem
1845 3178 1988 3218 multis,
2013 3185 2050 3211 ut
2069 3179 2178 3218 solet,
2203 3187 2361 3212 veterum
2374 3177 2515 3212 Pati-um

1417 3224 1624 3259 testimoniis
1649 3225 1848 3259 corroborat
1862 3245 1870 3255 ι
