2577 3633
208 160 257 194 :in
284 154 432 203 obliquo
453 180 463 198 ,
502 150 745 200 'inquantum
780 146 952 183 essentia
993 142 1099 181 idem
1128 151 1186 181 est
1222 155 1314 180 cum

209 206 421 261 {lispostasi
437 228 447 239 .

274 258 357 302 145.
388 256 483 292 Haec
506 253 662 291 fortasse
691 252 816 289 minus
846 249 986 288 utiliter
1028 247 1214 299 disputata
1241 248 1312 287 ali-

206 311 352 362 quibus
381 306 639 346 videbuntur.
669 305 743 343 Sed
773 302 973 353 Angelicus
993 300 1090 338 bene
1117 301 1311 351 observat,

208 363 298 401 haec
327 369 498 400 accurate
524 359 703 410 distingui
731 356 1123 408 oportuisse-propter
1164 353 1312 393 hoereti-

206 428 350 453 corum
379 413 649 451 calumniam..
696 410 796 448 Nam
824 409 930 459 prius
958 406 1027 444 hoc
1056 420 1192 446 nomen
1227 421 1314 457 pem

206 481 326 507 rsonae
350 467 597 512 sumebatur,
627 474 805 514 tanquam
825 459 1066 508 absolutum,
1095 461 1140 498 ad
1166 461 1314 512 signifi-

207 521 379 559 -caudum
409 519 647 557 indi-viduum
670 513 860 552 rationalis
876 522 1020 550 naturae
1039 527 1048 557 3
1078 515 1314 565 postmodum

217 588 306 612 vero
335 571 656 610 accommodatum
688 576 739 604 est
758 567 804 603 ad
824 566 1107 617 significandam
1126 567 1241 604 etiam
1258 581 1316 604 re-

210 628 397 665 lationem
414 655 425 672 ,
473 638 549 675 qua
576 621 742 659 Personae
772 620 915 659 divinae
941 619 1252 670 distinguuntur,
1284 619 1317 655 δε

209 682 522 718 constituuntur.

280 732 364 776 146.
394 727 486 779 Obj.
516 729 666 779 prime.
710 725 750 764 S.
781 724 1010 777 Augustinus
1038 725 1127 764 Lib.
1157 726 1241 764 VH.
1271 724 1317 763 (le

221 785 359 823 Trinit.
388 797 474 834 cap.
503 780 542 818 6.
571 780 802 831 apertissime
830 779 960 827 docet,
1003 792 1201 831 personam
1242 779 1319 816 dici

212 837 274 876 ad
302 850 364 884 se,
395 835 427 871 8(
457 847 528 872 non
558 833 611 871 ad
639 834 836 880 alterum,
866 833 1129 884 inquit—enim:
1160 862 1184 880 „
1214 831 1319 878 Quid

212 921 248 940 „,
270 887 392 941 ergo?
421 888 516 926 Nam
546 886 696 937 placet,
726 895 766 923 ut
793 886 989 934 dicamus,
1020 885 1165 923 Patrem
1196 898 1318 932 perso-

213 974 248 993 .„
276 957 364 981 nam
395 956 470 979 esse
499 939 620 988 Filii,
659 939 691 975 δ(
717 939 881 990 ‘Spiritus
904 940 1052 986 sancti,
1081 948 1143 975 aut
1172 937 1319 975 Filium

214 1027 250 1046 ‚„
274 1009 475 1049 personam
498 1007 580 1031 -esse
609 993 754 1040 Patris,
797 991 835 1028 ἃ
863 991 1026 1044 Spiritus
1068 992 1210 1036 sancti3
1257 998 1320 1027 aut

222 1081 248 1099 „
277 1051 462 1101 Spiritum
485 1056 662 1085 sanctum
692 1057 887 1097 personam
918 1059 993 1082 esse
1018 1043 1164 1091 Patris,
1193 1043 1225 1078 8(
1254 1043 1320 1080 Fi-

214 1134 249 1152 .„
278 1101 351 1140 lii?
393 1101 467 1139 Sed
494 1114 618 1152 neque
647 1110 804 1149 persona
835 1099 886 1135 ita
913 1098 990 1135 dici
1031 1097 1174 1134 alicubi
1203 1095 1319 1141 solet3

223 1187 250 1206 „
280 1169 399 1207 neque
427 1156 468 1192 in
498 1153 567 1190 hac
589 1152 797 1199 Trinitate,
828 1164 915 1188 cum
944 1150 1106 1188 dicimus
1125 1162 1323 1202 personam

217 1240 251 1259 ,υ
281 1208 426 1255 Patris,
469 1205 574 1243 aliud
602 1206 791 1250 dicimus,
832 1216 947 1254 quain
978 1203 1226 1240 substantiam
1255 1201 1324 1239 Pa-

225 1292 251 1312 „
279 1264 371 1300 tris.
410 1261 499 1307 -Quo
527 1260 630 1296 circa
659 1266 698 1294 ut
725 1257 931 1294 substantia
963 1254 1079 1293 Patris
1108 1258 1187 1306 ipse
1217 1254 1324 1292 Pater

218 1345 252 1365 .„
283 1325 359 1361 est,
389 1327 461 1351 non
489 1325 564 1363 quo
594 1309 699 1347 Pater
728 1318 804 1356 est,
835 1308 896 1345 sed
916 1321 991 1359 quo
1010 1317 1088 1353 est,
1117 1309 1167 1345 ita
1187 1307 1219 1343 ἃ
1241 1322 1325 1358 per—

219 1398 252 1417 „
281 1381 368 1405 sona
387 1365 505 1402 Patr-is
534 1376 610 1400 non
637 1361 770 1408 aliud,
799 1375 917 1411 quam
946 1361 1025 1411 ipse
1044 1359 1152 1397 Pater
1182 1369 1248 1397 est:
1279 1361 1326 1397 ad

221 1450 251 1470 7,
281 1434 318 1457 se
346 1419 490 1469 quippe
518 1415 656 1452 dicitur
684 1413 872 1460 Persona,
904 1425 975 1449 non
1005 1413 1051 1449 ad
1066 1412 1235 1459 Filium,
1264 1412 1326 1450 vet

219 1503 252 1523 2„
283 1472 469 1523 Spiritum
498 1476 693 1505 sanctum:
723 1468 818 1504 sicut
846 1465 892 1502 ad
911 1479 950 1502 se
979 1465 1118 1503 dicitur
1137 1465 1264 1512 Deus,
1292 1464 1327 1501 δε

283 1537 467 1576 maguus,
497 1521 530 1557 8(
560 1521 704 1568 bonus,
734 1518 767 1554 St
796 1517 942 1569 justus,
979 1518 1013 1553 8<
1041 1519 1071 1554 si
1100 1518 1195 1569 quid
1223 1517 1328 1555 aliud

221 1608 254 1628 .„
283 1575 523 1628 hujusmodi:
553 1574 586 1609 8(
614 1571 935 1625 quemadmodum
956 1571 1027 1608 hoc
1056 1569 1115 1608 illi
1146 1580 1197 1608 est
1225 1584 1327 1620 esse,

229 1662 255 1682 „
283 1630 383 1683 quod
413 1630 537 1667 Deum
567 1640 668 1675 esse,
697 1625 798 1677 quod
818 1638 999 1677 magnum
1016 1653 1027 1671 ,
1056 1625 1157 1675 quod
1185 1624 1329 1662 boumn

225 1715 258 1734 .,‚
288 1698 364 1722 esse
382 1713 392 1730 ,
421 1684 472 1719 ita
492 1681 562 1718 hoc
578 1679 637 1717 illi
653 1688 798 1717 estesse
815 1707 825 1726 ,
852 1678 954 1730 quod
971 1690 1166 1729 personam
1184 1692 1280 1715 esse.
1301 1680 1327 1699 ‘⁶

285 1739 375 1786 ¹47·
405 1734 613 1786 Respondet
641 1733 681 1770 S.
702 1731 869 1769 Thomas
890 1732 918 1768 Ι.
939 1730 979 1767 Ρ.
1007 1739 1144 1782 quaest.
1167 1743 1230 1781 29.
1259 1739 1328 1768 art.

226 1791 271 1836 Δ..
301 1790 348 1826 ad
381 1802 414 1825 ι.
454 1816 483 1834 „,
512 1785 614 1836 quod
642 1784 712 1821 hoc
752 1796 892 1821 nomen
921 1797 1078 1832 persona
1120 1783 1257 1819 dicitur
1285 1784 1333 1820 ad

285 1857 326 1879 se
343 1871 354 1888 ,
384 1853 455 1877 nou
485 1838 532 1874 ad
560 1836 721 1873 alterum
734 1865 748 1883 „
777 1836 867 1886 quia
887 1835 1073 1884 significat
1092 1834 1333 1883 relationem,

293 1907 365 1932 non
395 1905 462 1943 per
491 1889 645 1927 modum
665 1888 856 1925 relationis
871 1916 882 1934 ,
911 1888 974 1924 sed
990 1900 1056 1937 per
1071 1887 1226 1924 modum
1245 1887 1335 1924 sub-

285 1947 435 1984 ‚stantiae
454 1974 464 1991 ,
493 1957 579 1994 quae
610 1951 661 1979 est
690 1941 895 1992 hypostasis
913 1966 923 1976 .
953 1939 1002 1976 Et
1028 1940 1235 1978 secundum
1266 1940 1335 1978 hoc

294 1999 521 2049 Augustinus
540 1995 657 2041 dicit,
686 1994 786 2044 qnod
801 1992 989 2042 significat
1005 1993 1220 2040 essentiam,
1250 2007 1338 2044 pro-

297 2061 335 2089 ut
376 2053 413 2087 in
444 2050 524 2086 Deo
564 2048 718 2083 essentia
742 2054 800 2082 >est
842 2045 943 2081 idem
985 2058 1073 2082 cum
1116 2044 1336 2096 hypostasi;

239 2136 265 2155 „
294 2106 385 2156 quia
413 2104 451 2139 iu
479 2100 561 2138 Deo
589 2111 664 2135 non
695 2097 820 2134 differt
839 2096 939 2148 quod
953 2105 1030 2143 est,
1060 2097 1093 2133 8<
1114 2110 1189 2149 quo
1209 2106 1278 2135 est.
1310 2100 1336 2119 ‘⁶

232 2160 412 2196 Ceterum
441 2153 486 2192 de
515 2160 637 2191 mente
665 2151 793 2189 Sancti
821 2151 1021 2201 Augustini
1049 2150 1128 2188 vid.
1165 2163 1252 2202 quae
1281 2150 1338 2188 di-

235 2221 297 2251 cta
325 2219 406 2248 sunt
434 2221 541 2245 num.
577 2205 663 2250 142.

296 2263 385 2309 448.
414 2260 508 2311 Obj.
535 2259 725 2297 secundo..
755 2257 797 2296 Si
821 2271 959 2296 nomen
978 2256 1150 2296 Personae
1179 2258 1217 2295 in
1245 2257 1342 2295 divi-

236 2320 297 2357 nis
327 2315 519 2361 involvat,
549 2315 627 2350 sive
655 2313 693 2349 in
722 2321 848 2360 recto,
885 2314 965 2350 sive
993 2313 1033 2349 in
1061 2311 1218 2363 obliquo
1246 2310 1343 2348 rela-

241 2374 379 2410 tionem
397 2399 407 2415 ,
437 2381 526 2405 cum
555 2374 714 2417 quatuor
742 2366 814 2402 sint
841 2363 1037 2403 relationes
1054 2394 1064 2413 ,
1094 2373 1268 2415 utsupra
1287 2364 1345 2401 di-

239 2434 346 2463 ctum
376 2430 427 2459 est
455 2435 538 2471 cap.
570 2418 664 2466 IV„
700 2426 861 2470 quatuor
892 2419 1004 2456 etiam
1034 2417 1275 2455 admittendas
1307 2431 1345 2455 e-

244 2486 330 2516 ruut
357 2476 500 2513 divinas
529 2471 698 2510 Personae
718 2501 728 2518 ,
757 2471 857 2522 quod
885 2480 938 2508 est
965 2479 1093 2508 contra
1121 2469 1235 2507 fidem
1252 2497 1262 2508 .

303 2531 391 2581 159.
421 2527 531 2577 Hesp.
560 2539 648 2562 cuin
678 2524 718 2562 S.
740 2524 890 2561 Thoma
910 2525 939 2561 I.
969 2522 1009 2561 P.
1038 2533 1172 2576 quaest.
1195 2523 1258 2561 50.
1279 2532 1347 2561 art.

250 2599 285 2622 1.
314 2583 361 2621 ad
396 2596 450 2628 1.‚
484 2579 571 2617 licet
600 2579 671 2615 sint
699 2587 860 2629 quatuor
888 2576 1085 2614 relationes
1114 2578 1152 2614 in
1181 2577 1320 2613 divinis
1338 2606 1348 2624 ,

246 2650 320 2675 uon
349 2645 474 2672 tamen
504 2641 664 2684 quatuor
691 2645 768 2668 esse
789 2644 963 2682 personas
980 2660 990 2678 ,
1019 2631 1112 2682 quia
1131 2628 1261 2667 relatio
1275 2631 1349 2679 spi-

249 2690 402 2727 rationis
431 2688 564 2724 activae
593 2697 673 2721 non
701 2693 911 2733 separatur
939 2697 967 2721 a
993 2696 1164 2733 persona
1192 2681 1351 2728 Patris,

249 2743 300 2782 (θ’
331 2739 442 2787 Filii,
483 2738 553 2775 sed
582 2741 757 2774 convenit
786 2741 965 2788 utriqae;
1010 2737 1060 2777 (θ’
1090 2740 1144 2773 sic
1182 2736 1275 2773 licet
1303 2738 1352 2772 sit

251 2795 393 2833 relatio
411 2823 420 2839 ,
449 2804 529 2828 non
558 2800 695 2827 tamen
725 2790 863 2827 dicitur
892 2793 1131 2842 proprietas,
1159 2792 1252 2839 quia
1273 2800 1353 2824 ηοη

251 2850 429 2886 cont-enit
458 2848 524 2881 uni
553 2852 711 2880 tantum
732 2856 931 2894 personae,
959 2856 1086 2893 neque
1106 2842 1247 2880 relatio
1265 2853 1353 2891 per-

253 2901 404 2938 sonalis
420 2930 429 2947 ,
455 2896 556 2936 idest
576 2901 814 2934 constituens
834 2910 1047 2945 personam
1064 2923 1074 2933 .
1105 2894 1182 2933 Sed
1201 2895 1262 2932 72ae
1277 2904 1355 2931 tres

258 2955 493 2999 relationes,
523 2954 768 3002 paternitas,
787 2949 959 3002 filiatio,
1001 2950 1049 2990 (9¹
1077 2953 1271 2998 processio
1299 2947 1355 2984 di-

256 3016 396 3043 cuntur
437 3009 693 3055 proprietates
730 3004 982 3053 personales,
1024 3007 1138 3052 quasi
1164 3013 1357 3052 personas

256 3063 533 3096 constituentes
548 3073 563 3102 ,-
604 3070 705 3094 nam
728 3060 954 3108 paternitas
983 3065 1042 3095 est
1080 3068 1250 3106 persona
1279 3053 1356 3092 Pa-

222 1556 255 1575 37

228 1873 260 1893 73

230 1926 263 1946 '³⁴³

231 1979 263 1998 ‘³’

232 2032 265 2050 ‘2’

240 2084 265 2103 52

310 3194 358 3229 (a)
383 3190 420 3221 Iu
447 3191 601 3224 Conciiio
638 3192 837 3225 FiorentIno
863 3192 1009 3226 ceiebris
1041 3190 1147 3224 Card.
1179 3188 1360 3222 Bessarion

266 3237 302 3268 in
328 3248 363 3267 <²³
389 3236 544 3267 oratJ-ruie
561 3258 570 3275 ,
605 3250 708 3279 quam
733 3237 852 3269 habuit
882 3240 969 3272 Sess.
998 3238 1115 3272 XXV.
1149 3247 1211 3279 pro
1237 3235 1360 3267 unione

267 3292 341 3325 cap.
367 3282 399 3314 0.
426 3281 490 3314 hac
520 3282 553 3313 S.
576 3282 718 3316 Thomas
746 3284 876 3316 ratione
902 3297 984 3317 usus
1008 3293 1058 3318 est
1074 3306 1085 3324 ,
1110 3292 1147 3317 ut
1174 3281 1360 3319 evinceret,

966 55 1376 108 mssnitrxno
1397 54 1454 101 Π.
1479 39 1483 42 ’
1504 54 1638 100 αΑΡ,
1658 53 1715 98 v.

1380 140 1450 174 tris
1467 166 1477 185 ,
1495 135 1647 188 filiatio
1665 142 1837 181 persona
1854 124 1965 180 Filii,
1989 132 2188 182 »processio
2205 142 2377 182 persona
2396 131 2481 185 Spi-

1377 193 1478 227 ricus
1509 188 1640 225 sancti
1668 183 1939 234 procedentis.

1438 243 1525 281 150.
1555 237 1646 289 Obj.
1676 236 1804 273 tertio.
1833 234 1996 273 Persona
2023 237 2063 274 in
2092 237 2329 285 hominihus,
2360 237 2392 273 ἃ
2413 252 2481 278 an—

1377 294 1472 344 gelis
1500 305 1575 330 non
1603 287 1792 339 significat
1820 287 2069 336 relationem,
2107 292 2169 328 sed
2197 291 2344 342 aliquid
2372 291 2481 329 abso·-

1379 346 1529 391 lutum3
1559 355 1647 394 ergo
1675 354 1797 391 neque
1826 341 1865 377 in
1894 340 2002 388 Deo,
2038 340 2132 379 alias
2157 343 2230 382 hoc
2259 356 2396 388 nomen
2424 344 2482 382 di—

1381 408 1525 437 ceretur
1555 395 1750 447 aequivoce
1779 393 1824 430 de
1852 392 1961 441 Deo,
2004 391 2038 428 ἃ
2065 392 2311 444 hominibus,
2353 395 2387 432 ἃ
2416 410 2482 436 an-

1379 451 1473 503 gelis
1490 477 1500 488 .

1440 505 1527 541 151.
1557 499 1745 552 Respond.
1775 512 1863 537 cum
1891 497 1932 537 S.
1963 497 2114 537 Thoma
2155 498 2218 538 hic
2254 510 2389 553 quaest.
2420 516 2486 555 29.

1379 565 1451 593 art.
1482 556 1519 600 4.
1549 555 1594 592 ad
1625 553 1691 600 4.,
1720 550 1836 589 aliam
1867 566 1943 590 esse
1971 554 2153 591 rationein
2182 555 2221 591 in
2243 553 2350 602 Deo,
2383 569 2425 593 ac
2445 558 2486 594 in

1382 608 1626 654 hominibus,
1658 604 1718 643 vel
1748 604 1918 656 angelis,
1961 605 1994 641 8(
2022 605 2110 643 licet
2139 608 2179 644 in
2214 606 2489 658 significatione

1379 673 1550 713 ,personae
1581 659 1721 698 divinae
1751 659 1983 695 contineatur
2012 656 2164 706 relatio,
2188 673 2265 697 non
2292 668 2421 698 autem
2450 661 2492 698 in

1383 713 1653 765 significatione
1681 709 1860 762 angelicae
1883 724 2050 761 personas
2067 741 2078 759 ,
2108 711 2167 750 vel
2182 712 2385 761 humanae,
2413 727 2492 751 nou

1385 768 1493 818 sequi
1510 797 1520 814 ,
1549 766 1650 818 quod
1664 777 1801 802 nomen
1817 776 1987 815 personae
2004 768 2199 813 aequivoce
2211 766 2380 812 dicatur-3
2399 767 2492 817 quia

1387 820 1540 858 diversa
1568 822 1672 856 ratio
1701 821 1832 854 minus
1851 821 2124 855 communium
2145 831 2227 856 non
2243 817 2355 868 facit
2374 823 2492 870 oequi-

1387 877 1633 911 vocationem
1673 874 1715 907 in
1743 873 1875 922 magis
1917 875 2140 908 communi.
2188 870 2326 909 Subdit
2367 880 2493 911 tamen

1386 926 1590 977 Angelicus
1607 955 1618 972 ‚
1660 923 1729 961 hoc
1758 936 1897 962 nomen
1928 936 2100 975 personae
2129 937 2203 961 non
2231 924 2308 962 dici
2334 928 2494 963 univoce

1381 980 1433 1017 ⁴de
1463 980 1543 1017 Deo
1560 1009 1570 1026 ,
1600 977 1634 1012 &
1662 976 1746 1014 aliis
1771 989 1969 1028 ‘person133
2012 989 2103 1014 cum
2128 976 2228 1014 nihil
2251 980 2415 1015 univoce
2444 977 2496 1016 de

1388 1031 1477 1069 Deo
1507 1031 1583 1068 dici
1620 1034 1758 1079 possit,
1799 1029 1848 1068 (9¹
1878 1028 1925 1066 de
1961 1033 2153 1068 creaturis
2173 1045 2189 1075 ,-
2236 1038 2276 1068 ut
2302 1039 2494 1069 ostensum

1385 1094 1442 1123 est
1468 1086 1500 1122 -Ι,
1531 1084 1571 1123 P„
1601 1092 1736 1135 quaest.
1770 1081 1830 1119 13.
1861 1090 1932 1119 art.
1965 1083 2000 1119 5.

1446 1139 1536 1176 152.
1566 1137 1656 1187 Obj.
1687 1144 1840 1188 quarte.
1887 1134 1930 1172 Si
1959 1134 2028 1173 hoc
2054 1149 2191 1174 nomen
2219 1149 2390 1188 persona
2418 1150 2492 1175 non

1389 1191 1578 1243 significat
1605 1190 1779 1227 divinam
1807 1188 2004 1226 essentiam
2033 1192 2074 1224 in
2102 1198 2229 1237 τεοῖο,
2259 1191 2322 1228 sed
2350 1198 2496 1227 tautum

1389 1247 1430 1283 in
1458 1243 1641 1294 obliquo,
1681 1250 1719 1278 ut
1746 1241 1892 1277 dictum
1921 1249 1972 1277 est
2000 1254 2107 1279 num.
2142 1242 2229 1287 144.
2258 1256 2331 1280 nou
2359 1243 2496 1294 poterit

1391 1298 1468 1334 dici
1497 1297 1543 1333 de
1571 1292 1725 1344 singulis
1753 1292 1876 1329 tribus
1904 1292 2045 1329 divinis
2073 1292 2361 1345 hypostasibus,
2403 1296 2495 1346 quia

1393 1347 1489 1386 nihil
1516 1355 1571 1385 est
1600 1348 1646 1383 iis
1669 1345 1855 1382 'omnibus
1885 1356 2112 1393 commune,
2138 1347 2213 1383 nisi
2241 1348 2425 1384 essentia.

1452 1400 1539 1438 155.
1569 1398 1680 1450 Resp.
1708 1411 1798 1436 cum
1828 1396 1868 1434 S.
1899 1396 2050 1434 Thema
2085 1407 2219 1449 quaest.
2248 1399 2317 1437 50.-
2357 1407 2427 1436 art.
2456 1399 2498 1445 4-

1390 1451 1465 1490 hoc
1492 1466 1633 1490 nomen
1658 1463 1831 1501 persona
1860 1450 1900 1487 in
1927 1450 2070 1488 divinis
2098 1451 2211 1489 fuisse
2231 1452 2431 1490 inventum
2451 1452 2500 1490 ad

1393 1505 1682 1557 significandam
1711 1503 1946 1557 hypostasim
1963 1533 1974 1551 ,
2021 1517 2086 1541 seu
2113 1517 2194 1542 rem
2236 1505 2500 1546 subsistentem

1394 1560 1434 1598 in
1466 1568 1597 1596 natura
1625 1559 1779 1596 divina:
1826 1555 1898 1593 hoc
1926 1565 2061 1594 autem
2091 1566 2148 1594 est
2190 1570 2402 1596 commune
2441 1570 2502 1596 se-

1395 1611 1571 1649 cundum
1599 1615 1798 1649 rationem
1833 1608 2011 1647 omnibus
2051 1615 2226 1660 personis
2255 1611 2418 1660 aldianis,
2459 1620 2503 1648 ωε

1398 1678 1647 1716 unaquaeque
1674 1677 1816 1702 earum
1844 1660 2029 1700 subsistat
2056 1667 2097 1700 in
2125 1673 2274 1701 natura
2294 1664 2426 1702 divina
2445 1663 2503 1701 dt-

1399 1723 1546 1756 stincta
1575 1717 1625 1755 ab
1653 1718 1764 1755 aliis.
1804 1715 1860 1753 Ec
1886 1719 1943 1753 sic
1972 1715 2042 1753 lzoc
2070 1729 2218 1754 nomen
2245 1730 2415 1767 persona
2442 1730 2503 1754 se-

1396 1771 1574 1808 cundum
1601 1773 1802 1807 rationem
1826 1776 1890 1806 >est
1931 1780 2140 1806 commune
2166 1769 2287 1807 trihus
2325 1772 2502 1821 personis

1401 1823 1563 1861 divinis.

1461 1877 1547 1922 154.
1578 1876 1715 1914 Dices:
1745 1875 1879 1913 Nonne
1906 1887 2065 1927 persona
2093 1876 2230 1914 dicitur
2259 1875 2400 1914 divinoe
2428 1889 2506 1914 na-

1402 1938 1503 1967 turae
1531 1927 1912 1966 incommunicabilis
1940 1927 2194 1966 existentia?
2221 1943 2333 1981 supra
2353 1944 2390 1968 n.
2417 1930 2506 1982 157.

1404 1996 1449 2020 ex
1480 1982 1668 2020 Richardo
1696 1983 1740 2020 de
1769 1982 1809 2019 S.
1839 1981 2023 2019 Victore.

1465 2037 1551 2073 155.
1582 2035 1694 2087 Resp.
1723 2035 1909 2082 Quamvis
1949 2047 2023 2071 una
2058 2048 2215 2086 persona
2251 2035 2380 2074 diviua
2423 2035 2509 2075 aliis

1400 2089 1682 2126 communicari
1711 2096 1894 2140 nequeat,
1924 2089 2112 2138 quomodo
2130 2090 2435 2127 communicatur
2452 2103 2509 2126 es-

1402 2142 1548 2190 sentia,
1577 2142 1708 2179 modus
1736 2150 1864 2178 tamen
1892 2140 2071 2177 existendi
2099 2141 2510 2180 incommunicabiliter

1408 2203 1526 2246 potest
1554 2207 1630 2231 esse
1669 2193 1847 2245 pluribus
1887 2193 2127 2230 communis.
2174 2193 2215 2232 S.
2247 2192 2413 2232 Thomas
2441 2203 2513 2235 art.

1409 2260 1498 2285 mox
1526 2246 1630 2284 laud.
1660 2246 1706 2283 ad
1738 2259 1774 2284 2.

1470 2299 1560 2338 156.
1590 2300 1750 2347 Quaeres
1777 2299 1930 2351 primo,
1961 2312 2017 2336 an
2045 2299 2186 2337 <livinae
2206 2298 2394 2338 Personae
2422 2313 2516 2338 con-

1413 2357 1628 2391 stituantur
1654 2365 1724 2403 per
1750 2352 1962 2390 relationes
1991 2352 2267 2391 consideratas
2307 2359 2349 2391 in
2374 2367 2516 2392 conce-

1411 2417 1503 2458 ptu,
1532 2420 1589 2444 an
1617 2419 1705 2443 vero
1733 2418 1801 2457 per
1829 2406 2040 2445 relationes
2069 2405 2137 2443 sub
2165 2416 2351 2458 conceptu
2380 2405 2450 2445 in?

1472 2461 1558 2511 157.
1589 2459 1703 2512 Resp.
1733 2460 1858 2510 primo
1886 2468 2032 2496 certum
2062 2473 2137 2497 esse
2165 2459 2329 2508 debere,
2371 2460 2517 2498 divinas

1415 2513 1591 2552 Personas
1620 2512 1820 2560 constitui,
1851 2512 1884 2549 δε
1904 2513 2085 2564 distingui
2108 2527 2174 2564 per
2194 2513 2414 2560 relationes3
2442 2527 2519 2565 qua

1415 2568 1462 2605 de
1490 2581 1530 2605 re
1559 2575 1695 2619 praeter
1723 2567 1896 2618 superius
1924 2566 2024 2603 dicta
2054 2567 2173 2604 videri
2203 2575 2318 2618 potest
2347 2566 2387 2604 S.
2417 2566 2520 2603 Tho-

1417 2635 1499 2658 mas
1528 2621 1557 2658 I.
1587 2619 1627 2658 P.
1657 2628 1792 2672 quaest.
1824 2619 1889 2664 4ο.
1919 2628 1988 2656 art.
2021 2633 2057 2657 2.
2102 2619 2168 2657 ubi
2198 2619 2337 2670 rejecta
2364 2618 2519 2656 illorum

1417 2675 1621 2725 opinione,
1651 2674 1718 2725 qui
1748 2671 1950 2721 volebant,
1980 2671 2154 2710 Personas
2174 2674 2322 2711 divinas
2341 2672 2521 2721 distingui

1417 2739 1486 2776 per
1512 2730 1734 2778 originem,
1764 2726 1923 2777 probat,
1967 2725 2170 2774 Personas,
2216 2740 2280 2763 seu
2309 2724 2522 2775 hypostases

1419 2779 1567 2817 divinas
1597 2779 1733 2818 melius
1757 2780 1948 2832 ‘distingui
1990 2778 2260 2824 relationibus,
2307 2790 2423 2827 quam
2453 2790 2521 2828 per

1421 2834 1604 2883 originem
1617 2859 1626 2871 .
1658 2833 1844 2880 Quamvis
1859 2833 1962 2870 enim
1982 2832 2256 2881 distinguantur
2270 2838 2430 2881 utroque
2441 2843 2522 2866 nio-

1422 2886 1470 2922 do
1501 2886 1593 2935 (a),
1624 2895 1747 2924 tamen
1775 2887 1910 2937 prius,
1939 2884 1973 2920 8(
2001 2881 2276 2934 principalius,
2318 2890 2429 2933 prout
2457 2896 2524 2920 uos

1423 2938 1671 2976 abstrahendo
1697 2939 1954 2989 concipimus,
1983 2936 2260 2985 distinguuntur
2280 2948 2346 2985 per
2375 2934 2525 2972 relatio-

1424 3005 1488 3029 nes
1506 3018 1515 3029 .
1560 3021 1585 3040 „
1615 2991 1726 3029 Unde
1757 2990 1824 3027 hoc
1861 3002 1998 3026 nornen
2027 2987 2174 3035 Pater,
2217 2988 2343 3026 subdit
2372 2988 2525 3039 Angeli-

1427 3074 1452 3093 „
1480 3058 1547 3082 cus
1564 3074 1574 3092 ,
1604 3057 1679 3083 non
1709 3044 1831 3083 solum
1861 3040 2047 3093 significat
2066 3042 2334 3093 proprietatem
2351 3071 2362 3090 ,
2390 3042 2454 3079 sed
2474 3049 2523 3079 et-

2340 3125 2367 3144 „
2395 3096 2474 3133 iam

1426 3181 1590 3215 Personas
1616 3175 1751 3212 divinas
1775 3180 2016 3221 principaliter
2040 3179 2195 3220 quidem,
2228 3179 2269 3210 (ff
2295 3180 2436 3210 maxime
2461 3184 2524 3217 per

1424 3237 1548 3261 earum
1586 3226 1768 3257 relationes
1793 3224 1986 3267 distingui,
2028 3235 2088 3268 per
2113 3224 2264 3268 origines
2304 3234 2412 3261 vero,
2453 3219 2525 3252 sive

1428 3282 1660 3319 processiones
1686 3279 1925 3314 consequenter
1938 3293 1946 3302 .
