2577 3633
313 171 368 217 So

253 251 381 302 got-ins
409 245 599 285 stsenus
638 237 720 294 ejus
762 238 876 279 frater
904 237 992 278 Lib.
1014 237 1101 274 ΧΙΙ.
1143 236 1233 274 adv.
1264 235 1347 273 Eu-

253 288 562 339 mummium
590 305 673 343 est,
717 295 867 345 inquit,
896 296 937 328 in
966 291 1168 327 hominum
1198 299 1347 327 natura

252 359 306 392 ris
335 350 388 390 ail
416 357 654 388 accuratam
682 349 969 396 perceptionem
996 341 1137 379 ‹titt-‘noe
1164 343 1346 380 substan·

253 410 345 448 τίεις
373 417 423 440 ac
440 401 624 453 fortasse
651 412 794 450 parum
822 407 878 434 est
907 395 1009 432 isttul
1027 393 1076 431 <le
1104 395 1190 433 sola
1219 400 1252 433 vi
1280 395 1346 432 lut-

253 470 380 495 mana
408 458 700 505 pronunciare;
746 463 876 489 rerum
923 451 1081 484 etiamsi
1118 452 1202 499 quis
1230 458 1347 485 natu-

254 523 345 547 ram
376 512 547 558 corporis
577 514 776 557 expertem
796 531 805 547 ,
836 500 1064 552 inferiorem
1095 514 1181 538 esse
1209 500 1316 538 dicat
1335 529 1347 548 ,

254 575 376 614 quam
405 570 445 599 ut
476 560 679 611 infinitam
721 563 912 591 naturam
950 565 1120 602 capere,
1162 554 1211 594 ὠ
1239 566 1346 591 com—

251 618 366 664 plecti
394 618 614 663 cognitione
640 611 782 658 possit,
812 618 892 642 nott
919 606 983 642 ille
1001 611 1154 655 penitus
1183 605 1346 643 liberrit-

251 667 329 705 ln't.
360 656 489 704 Teriio
519 665 625 701 Titus
655 660 880 706 Bostrensis,
927 658 1097 710 Scriptor
1118 658 1184 696 lv.
1215 659 1344 696 szecnli

250 720 338 759 Lib.
361 721 388 757 I.
419 726 558 755 contra
588 711 840 750 Jss·'.;21iclzaeos
857 725 870 747 .·
900 710 1056 759 villere,
1085 712 1202 762 inquit
1221 742 1231 759 ‚
1261 709 1346 747 sub-

250 776 446 810 stantiam
467 770 544 806 Dei
571 778 696 816 neque
722 763 833 801 nobis
849 793 861 811 ,
889 777 1014 814 neque
1044 765 1319 815 Angelis‘licet
1336 789 1346 800 .

249 824 447 873 Siquidem
476 834 574 867 nos,
603 817 792 869 quamdiu
821 829 960 866 corpus
987 817 1203 854 secundum
1233 826 1349 854 natu-

250 890 341 913 ram
363 874 485 912 incluti
505 884 641 909 sumus
656 900 666 919 ,
694 881 768 907 nec
789 869 962 921 Angelos
991 874 1092 918 ipsos
1121 869 1246 906 ridere
1263 882 1349 918 pos—

249 942 384 966 sumus
406 953 417 964 .
446 924 718 976 [Manifestum
739 931 796 960 est
818 926 923 960 enim
940 951 950 969 ‚
980 923 1173 971 planeque
1194 921 1349 973 confes—

248 994 336 1019 sum
356 1010 368 1029 ,
397 983 461 1029 qui
480 978 601 1025 videt,
627 977 756 1014 simile
783 974 852 1012 sibi
882 974 1008 1011 videre
1024 1000 1034 1012 .
1065 976 1209 1021 Quarto
1224 975 1263 1011 S.
1284 976 1347 1011 lsi-

247 1035 359 1074 dorus
376 1032 609 1083 Hispalensis
630 1030 799 1080 Scriptor
827 1040 915 1066 saec.
936 1027 1021 1064 Vll.
1043 1042 1076 1065 c.
1098 1027 1163 1071 At.
1179 1030 1219 1063 in
1236 1026 1348 1063 Exo-

248 1087 365 1124 ctum:
411 1084 514 1135 Quid
542 1092 626 1130 est,
668 1083 820 1126 incinit,
851 1081 1013 1130 faciem
1043 1092 1180 1116 meam
1219 1078 1348 1117 ridere

247 1153 329 1177 non
357 1141 502 1189 poteris
521 1135 545 1174 Ρ
580 1139 656 1173 nisi
684 1128 777 1185 qu’ia
803 1135 982 1183 quaint-is
1012 1144 1130 1183 utque
1159 1130 1214 1169 ad
1241 1134 1348 1182 pari-

245 1194 402 1230 litatem
432 1190 670 1242 Angelicam
699 1186 881 1223 liumana
908 1189 1031 1221 etia-m
1061 1193 1145 1236 post
1175 1198 1347 1223 resurre-

246 1249 418 1288 ctionem
447 1253 597 1280 natura
624 1238 847 1290 perferatur
867 1267 878 1284 ,
915 1245 964 1277 <9⁶
994 1236 1049 1274 acl
1077 1240 1348 1288 contemplan-

249 1297 344 1337 ctum
373 1297 505 1334 Deum
546 1292 749 1343 indefessa
776 1298 1016 1341 consurgat,
1054 1289 1181 1329 videre
1209 1300 1349 1328 tamen

247 1351 334 1402 ejus
363 1353 577 1387 essentiam
605 1346 725 1394 plane
752 1356 831 1379 non
861 1344 1051 1392 proevalet
1071 1373 1081 1391 ,
1123 1356 1246 1394 quam
1274 1357 1350 1381 nec

246 1407 334 1452 ipsa
361 1401 548 1453 perfectio
577 1398 771 1448 Angelica
810 1399 850 1432 in
879 1404 958 1433 toto
975 1425 984 1443 ‚
1023 1397 1081 1434 vel
1108 1401 1260 1448 integre
1289 1406 1351 1434 at-

247 1459 362 1498 tingit
379 1481 388 1492 .
410 1480 420 1492 .
439 1481 453 1492 .
475 1480 485 1491 .
506 1451 591 1489 sola
621 1454 729 1487 enim
758 1447 830 1485 sibi
857 1451 1014 1500 integra
1048 1458 1148 1487 nota
1177 1460 1235 1487 est
1268 1449 1348 1487 Tri-

248 1495 385 1554 nitizs,
415 1507 463 1546 ζ»)
493 1505 736 1542 humanitati
764 1509 956 1550 susceptae
977 1527 987 1538 .
1035 1503 1133 1548 Qnae
1163 1512 1350 1552 postrema

251 1560 369 1599 verba
395 1559 588 1604 indicant,
631 1556 758 1607 ipsum
788 1555 948 1591 minime
989 1553 1095 1605 loqui
1123 1554 1168 1590 de
1204 1556 1350 1591 visione

247 1611 579 1664 comprehensiva,
607 1621 695 1660 quae
717 1607 944 1644 humanitati
965 1605 1104 1645 Christi
1125 1606 1242 1645 tribui
1262 1607 1350 1644 nul-

249 1665 391 1704 latenus
418 1672 561 1715 potest.

305 1731 368 1768 72.
399 1716 511 1766 Pxesp.
541 1714 626 1751 haec
655 1712 688 1748 8(
717 1711 792 1749 alia
817 1711 859 1748 'id
896 1725 1011 1762 genus
1040 1711 1168 1749 Sanct.
1193 1710 1351 1748 Patrum

247 1769 349 1808 dicta
379 1766 620 1817 intelligenda
649 1765 876 1815 plerumque
905 1777 982 1800 esse
1001 1763 1046 1799 de
1076 1765 1220 1800 visione
1249 1776 1352 1799 conr-

249 1820 504 1874 prehensiva,
533 1831 607 1870 qua
627 1816 732 1854 Deus
762 1828 814 1852 ex
844 1823 922 1852 toto
952 1815 1122 1852 videatur
1140 1845 1150 1862 ,
1182 1814 1214 1849 8(
1241 1825 1353 1863 prout

251 1883 311 1913 est
339 1876 380 1909 in
409 1885 477 1916 se3
521 1883 609 1922 quae
639 1877 737 1906 certe
766 1868 861 1905 visio
891 1867 1102 1905 intellectus
1131 1867 1353 1918 cujuscum-

253 1940 329 1979 que
357 1926 472 1964 creati
501 1926 579 1961 vim
598 1952 608 1970 ,
646 1921 680 1957 8(
709 1921 956 1973 capacitatem
986 1929 1166 1971 superat3
1209 1934 1282 1957 non
1311 1921 1357 1957 de

250 1981 400 2018 visione
429 1976 551 2016 solum
580 1975 759 2012 intuitiva
781 2003 791 2021 ,
834 1985 921 2025 quae
951 1986 1018 2010 nos
1046 1974 1173 2011 beatos
1198 1982 1274 2011 'tota
1305 1986 1356 2010 fe-

252 2033 423 2070 ternitate
451 2029 615 2067 efficiet.
644 2027 751 2064 Certe
775 2026 945 2077 primam
975 2025 1212 2064 solummodo
1238 2027 1266 2063 ii
1288 2039 1354 2076 po-

253 2086 459 2122 tisssimum
490 2081 615 2119 Patres
649 2079 900 2129 denegarunt,
942 2080 1014 2129 qui
1057 2079 1234 2117 adversus
1262 2078 1353 2115 stul-

255 2146 332 2174 tam
355 2139 623 2173 Anomaeorum
645 2132 898 2182 arrogantiam
920 2131 1137 2168 scribebant
1154 2160 1164 2177 ,
1195 2139 1234 2167 ut
1253 2144 1353 2182 prae—

256 2191 368 2241 cipue
384 2188 423 2225 S.
444 2187 605 2225 Basilius
621 2215 631 2232 ,
660 2185 726 2236 qui
756 2197 838 2221 eam
861 2182 982 2220 solum
1012 2184 1262 2234 cognitionem
1279 2184 1354 2221 Dei

254 2256 276 2278 a
302 2242 423 2278 Beatis
458 2238 651 2284 excludit,
694 2237 786 2287 quia
826 2236 971 2272 divinae
1000 2234 1173 2273 Personae
1215 2238 1355 2288 seipsas

255 2301 506 2344 cognoscunt,
535 2292 666 2341 utique
686 2287 1019 2340 comprehensive:
1048 2289 1267 2326 intuitivam
1288 2303 1355 2326 au-

253 2356 326 2383 tem
347 2345 418 2383 Dei
449 2345 629 2382 visionem
660 2340 693 2376 ἃ
712 2339 886 2390 Angelis,
916 2340 950 2376 8(
978 2340 1088 2378 nobis
1117 2350 1245 2392 aperte
1265 2355 1355 2379 con—

253 2399 378 2445 cedit,
407 2398 579 2448 inquiens
597 2395 712 2432 Cone.
733 2393 803 2431 IX.
833 2395 874 2431 in
902 2391 1043 2431 Psalm.
1064 2393 1250 2431 XXXIII.
1272 2395 1355 2431 An-

254 2451 329 2503 geli
345 2481 355 2499 ,
383 2458 588 2501 propterea
617 2446 718 2498 quod
743 2459 826 2483 non
852 2444 996 2483 liabent
1023 2447 1104 2483 tale
1131 2450 1355 2497 operimen-

254 2514 337 2540 tum
366 2512 513 2540 nostroe
542 2504 658 2539 carni
685 2499 813 2536 simile
831 2528 841 2546 ,
871 2512 898 2536 a
927 2499 1037 2536 nulla
1065 2511 1108 2536 re
1136 2499 1355 2549 impediun-

254 2565 342 2604 tur,
370 2558 577 2607 quominus
597 2552 756 2590 assidue
783 2556 1013 2590 intueantur
1027 2550 1191 2602 faciem
1219 2553 1357 2603 gloriae

255 2609 357 2646 Dei.
400 2608 535 2658 Quare
563 2610 687 2644 etiam
714 2618 815 2653 nos,
857 2613 1067 2655 postquam
1095 2604 1208 2655 facti
1222 2605 1357 2656 fueri-

258 2674 345 2698 mus
362 2662 445 2713 filii
463 2662 789 2706 resurrectionis,
819 2660 1040 2710 cognitione
1054 2656 1190 2709 faciei
1218 2658 1357 2710 adfa-

257 2717 355 2752 ciem
385 2714 493 2766 (ligni
514 2710 810 2765 judicabimur.

315 2767 377 2817 75.
408 2768 465 2805 Ad
494 2765 725 2804 secundum.
755 2763 795 2800 S.
824 2763 1029 2815 Gregorius
1055 2762 1246 2815 “Nyssenus
1274 2764 1355 2803 Eu·

257 2821 376 2856 nomii
406 2819 658 2870 arrogantiam
695 2815 973 2867 reprehendens
1002 2816 1046 2854 de
1074 2826 1270 2854 accurata
1298 2831 1355 2854 so-

257 2870 339 2907 lum
369 2874 441 2922 agit
471 2872 610 2909 divinae
638 2868 869 2907 substantioe
888 2872 1134 2919 perceptione
1154 2899 1165 2917 ,
1194 2883 1262 2907 seu
1275 2871 1356 2920 ple-

260 2933 318 2958 na
337 2924 678 2973 comprehensione
695 2951 705 2970 ,
734 2934 813 2972 qua
842 2922 1045 2974 infinitam
1065 2922 1144 2960 Dei
1159 2932 1356 2960 naturam

261 2986 402 3022 capere
417 3005 428 3023 ,
456 2977 504 3016 (Ψ
520 2977 723 3025 complecti
737 2979 958 3025 cognitione
970 2979 1055 3026 quis
1071 2979 1190 3025 possit
1205 3001 1216 3012 .
1246 2975 1357 3013 Hanc

261 3028 400 3066 nedum
431 3027 670 3075 hominibus,
700 3041 833 3064 verum
862 3029 974 3065 etiam
996 3027 1147 3078 Angelis
1174 3029 1357 3078 denegat.

263 3078 457 3116 Visionem
487 3091 610 3118 autem
642 3083 854 3118 intuitivam
877 3090 1001 3132 aperte
1017 3081 1185 3118 concedit
1213 3082 1254 3118 in
1271 3080 1358 3117 Pul-

262 3130 400 3168 cheriae
431 3131 658 3180 laudatione,
686 3134 835 3170 dicens:
864 3146 986 3182 quam
1015 3135 1209 3180 'speciosus
1238 3134 1299 3171 ille
1317 3146 1358 3170 o-

262 3184 371 3226 culus
389 3212 399 3230 ,
428 3188 489 3232 qui
506 3183 636 3221 Deum
665 3185 761 3221 ridet
778 3187 792 3220 .'
821 3185 947 3223 Etiam
979 3189 1018 3223 in
1039 3186 1286 3224 Orationibus
1313 3187 1358 3224 de

263 3235 305 3273 S.
335 3234 511 3283 Meletio,
547 3239 591 3273 de
621 3237 661 3274 S.
691 3236 858 3286 Ephrem
877 3266 887 3285 ,
929 3239 962 3273 δι
991 3239 1036 3276 de
1056 3239 1143 3277 XL.
1173 3239 1358 3292 Martyri-

262 3287 335 3326 hus
363 3288 494 3326 eadem
524 3288 599 3325 fere
628 3287 766 3325 habet.

318 3339 382 3391 74.
411 3340 550 3380 Dices.
593 3339 634 3379 Si
675 3339 716 3379 S.
763 3340 966 3390 Gregorius
1006 3343 1195 3395 Nysseuus
1237 3344 1358 3384 solam

990 153 1390 204 DISSERTATIO
1421 154 1498 201 111.
1533 149 1762 201 CAR-IV.

1413 235 1791 287 comprehensionem
1820 229 2060 282 excluderet,
2097 244 2136 271 se
2163 230 2326 273 dubium
2353 231 2515 275 minime

1412 291 1642 335 ostenleret,
1685 301 1733 325 an
1764 287 1869 323 istius
1897 287 1986 336 puri
2013 286 2179 338 Spiritus
2214 301 2370 340 capaces
2412 290 2514 337 sint,

1412 342 1558 380 dicens:
1600 345 1632 378 si
1661 342 1743 390 quis
1771 347 1964 375 naturam
1993 343 2164 389 corporis
2192 351 2396 391 expertem
2425 341 2515 380 &c-

1414 407 1494 431 non
1523 394 1585 430 ille
1613 396 1766 445 penitus
1794 387 2013 430 aberrabit.
2054 392 2227 440 Quorum
2263 396 2416 443 gemina
2446 394 2514 432 ha-

1414 447 1476 485 bet
1512 445 1606 483 alter
1635 445 1867 495 Gregorius,
1904 443 2158 482 Nazianzenus
2201 457 2362 496 nempe,
2405 447 2514 484 Orat·

1415 497 1604 536 XXXIV.
1636 502 1650 546 (
1679 498 1722 534 in
1760 509 1856 534 nova
1885 496 1974 534 edit.
1994 497 2179 535 XXVIII.
2209 496 2224 544 )
2253 511 2363 535 num.
2391 496 2430 542 ἦ.
2461 500 2520 536 in·

1414 553 1565 602 quiens:
1609 550 1737 599 Atque
1765 547 1871 586 tinuit
1898 553 2004 597 scio,
2040 563 2096 586 an
2125 549 2197 587 lzoc
2224 561 2374 600 quoque
2403 549 2519 588 subli-

1414 601 1598 640 mioribus
1627 603 1726 649 illis,
1755 602 1805 641 &¹
1833 601 2133 654 intelligentibus
2160 606 2315 639 naturis
2345 602 2520 655 denega-

1414 665 1497 692 tum
1528 659 1604 692 sit:
1634 668 1723 705 quoe
1746 659 1844 704 ‘quia
1866 654 1950 692 Deo
1969 660 2123 705 propius
2153 657 2374 708 conjunctoe
2402 665 2520 704 sunt,

1413 711 1462 748 ξφ
1491 717 1568 745 toto
1596 708 1660 744 illo
1688 707 1892 757 splendore
1920 708 2226 757 collustrantur,
2268 713 2519 759 perspicuam

1402 760 1588 813 fortasse
1615 764 1801 798 notitiam
1818 758 1999 808 liabent,
2029 765 2105 798 etsi
2129 774 2209 798 non
2227 766 2403 811 penitus,
2431 773 2520 812 per-

1397 812 1619 865 fectiorem
1647 821 1814 860 tamen,
1858 817 2221 865 expressioremque
2263 823 2402 852 nostra
2430 815 2520 854 &a

1416 867 1555 918 quibus
1585 866 1711 904 verbis
1739 866 1872 904 tribuit
1902 865 2058 916 Angelis
2076 868 2326 918 cognitionem
2347 867 2420 905 Dei
2450 866 2520 905 ab·

1417 921 1660 966 stractivam,
1689 919 1954 970 perfectiorem
1983 928 2128 965 nostra3
2169 932 2219 957 an
2248 929 2375 958 autem
2404 920 2522 958 etiam

1417 972 1591 1009 intuitiva
1623 971 1701 1008 illis
1729 972 1979 1018 concedatur,
2009 972 2149 1010 dubius
2179 971 2325 1010 haere't.

1466 1025 1533 1076 75.
1565 1023 1676 1075 Hesp.
1705 1022 1822 1062 verba
1851 1025 1980 1063 Sanct.
2010 1023 2168 1063 Patrnm
2204 1038 2276 1063 non
2318 1038 2396 1063 esse
2424 1036 2524 1062 sem·

1415 1089 1482 1129 per
1510 1078 1559 1115 ad
1588 1079 1720 1114 vivum
1748 1076 1976 1125 resecanda,
2002 1089 2073 1115 nec
2103 1079 2148 1116 ad
2177 1079 2439 1129 grammaticae
2467 1077 2524 1114 le·-

1416 1144 1479 1181 ges
1508 1131 1791 1168 accuratissime
1819 1131 2028 1182 exigenda.
2058 1130 2250 1169 Particula
2272 1130 2339 1168 illa
2369 1134 2523 1182 penitus

1416 1183 1646 1234 explicativo
1673 1195 1801 1231 sensu,
1831 1196 1906 1220 non
1926 1183 2157 1220 diminutivo
2185 1193 2238 1221 est
2265 1182 2440 1222 hocloco
2459 1197 2525 1222 ac-

1417 1236 1619 1286 cipienda,
1648 1235 1761 1288 quasi
1790 1236 1951 1273 dixerim
1980 1248 2057 1272 non
2078 1234 2145 1273 ille
2170 1243 2278 1272 certe
2306 1235 2524 1274 aberrabit--

1414 1288 1602 1326 Similiter
1618 1317 1628 1334 ,
1651 1301 1758 1339 tqnae
1787 1287 1828 1325 S.
1857 1288 2064 1339 Gregorius
2092 1287 2350 1326 Nazianzenus
2377 1287 2492 1326 habet
2512 1315 2525 1336 ,

1411 1354 1483 1392 per
1511 1339 1677 1396 μία-σιν,
1724 1354 1814 1392 quae
1842 1351 1893 1378 est
1923 1341 2048 1392 figura
2078 1343 2390 1388 imminutionis,
2438 1347 2526 1380 sunt

1419 1394 1691 1444 intelligenda,
1732 1403 1774 1430 ut
1804 1407 1941 1444 nempe
1971 1393 2189 1430 mitioribus
2229 1393 2362 1431 verbis
2390 1402 2527 1441 utens,

1418 1446 1504 1496 plus
1532 1446 1747 1495 significare
1775 1445 1962 1484 voluerit.
1992 1446 2086 1483 Haee
2114 1459 2186 1483 non
2218 1453 2527 1485 raro‘occurrunt

1418 1499 1458 1534 in
1490 1498 1649 1535 lectione
1678 1498 1805 1537 Sanct.
1835 1499 2012 1544 Patru1n3
2042 1507 2154 1551 atque
2183 1499 2230 1536 ad
2260 1498 2356 1536 hanc
2386 1512 2466 1537 rem
2487 1511 2528 1534 οι

1418 1549 1618 1601 xemplum
1659 1551 1918 1602 suppeditabit
1947 1552 1987 1589 S.
2018 1553 2278 1602 Augustinus,
2326 1553 2393 1603 qui
2425 1559 2527 1603 post-

1418 1615 1534 1653 quam
1565 1610 1643 1639 tam
1671 1615 1800 1653 saepe,
1831 1603 1961 1641 &tam
1992 1602 2094 1640 clare
2123 1604 2168 1640 de
2196 1605 2340 1641 visione
2361 1604 2432 1641 Dei
2465 1606 2528 1641 in-

1419 1656 1554 1692 tuitiva
1595 1655 1743 1693 locutus
1772 1655 1923 1702 fuerat,
1968 1656 2006 1691 in
2043 1658 2153 1706 epist.
2192 1663 2327 1692 tamen-
2360 1656 2450 1705 ¹⁴47-
2479 1657 2528 1703 ad

1420 1705 1619 1743 Paulinam
1649 1706 1698 1743 cte
1725 1706 1889 1744 videndo
1907 1707 1996 1744 Deo
2024 1721 2109 1758 cap.
2131 1721 2169 1759 9.
2200 1706 2283 1745 haec
2313 1706 2452 1744 habet:
2480 1719 2531 1744 eo

1419 1766 1556 1794 autem
1585 1756 1702 1794 modo
1730 1757 1903 1807 videtur,
1945 1762 2059 1796 sicuti
2087 1770 2168 1807 est,
2210 1771 2318 1796 nunc
2341 1757 2530 1809 fortasse

1421 1809 1567 1846 vitietur
1595 1823 1622 1846 a
1652 1808 1885 1858 quibusdam
1927 1812 2121 1862 Angelis;
2167 1825 2195 1849 a
2237 1811 2346 1849 nobis
2389 1821 2531 1850 autem

1421 1871 1513 1900 tunc
1533 1867 1591 1900 ita
1612 1862 1796 1900 videbitur
1811 1893 1821 1912 ,
1851 1877 1943 1901 cum
1965 1868 2021 1901 eis
2038 1865 2150 1915 facti
2165 1862 2373 1914 fuerimus
2392 1877 2529 1915 aequa·

1419 1916 1480 1952 les
1496 1941 1506 1953 .
1535 1915 1616 1953 Ubi
1637 1924 1735 1953 certe
1757 1915 1824 1954 illa
1844 1915 2032 1968 particula
2049 1916 2238 1967 fortasse
2257 1930 2331 1954 nou
2350 1926 2403 1956 est
2423 1930 2529 1970 pres·

1423 1982 1461 2006 se
1477 1998 1487 2016 ,
1517 1969 1746 2020 proprieque
1775 1970 2000 2023 accipienda
2017 1994 2029 2006 .
2528 1999 2530 2001 -

1480 2021 1543 2072 76.
1575 2022 1631 2059 Ad
1661 2022 1813 2060 tertium
1830 2048 1841 2061 .
1884 2021 2073 2061 Similiter
2097 2022 2211 2061 Titus
2239 2022 2442 2062 Bostrensis
2461 2023 2530 2063 -vi·'

1423 2075 1564 2112 sionem
1586 2103 1596 2122 ,
1639 2088 1755 2126 quam
1783 2083 1894 2126 negat
1924 2075 2075 2122 Beatis,
2100 2089 2254 2112 sumere
2282 2077 2431 2114 videtur
2458 2089 2530 2129 pro

1422 2126 1786 2179 comprehensione3
1816 2127 2030 2179 simplicem
2055 2129 2164 2165 enim
2193 2130 2380 2166 visionem
2411 2131 2530 2167 intui-

1422 2181 1540 2217 tivam
1569 2193 1701 2230 negare
1731 2193 1806 2218 non
1837 2182 1981 2232 potuit,
2027 2182 2150 2232 posito
2177 2180 2245 2217 illo
2274 2194 2341 2218 suo
2382 2183 2532 2232 priuci-

1423 2233 1514 2284 pio:
1544 2236 1608 2283 qui
1637 2232 1762 2281 videt,
1791 2234 1919 2271 simile
1946 2232 2016 2271 sibi
2044 2232 2172 2270 videre
2189 2258 2199 2270 .
2229 2234 2326 2270 Cum
2349 2233 2453 2271 enim
2470 2234 2533 2272 in-

1421 2285 1591 2323 tellectus
1620 2294 1742 2323 noster
1774 2285 1985 2338 spiritualis
2014 2287 2086 2334 sit,
2128 2286 2266 2337 poterit
2307 2287 2439 2338 utique
2480 2285 2530 2325 ad

1422 2337 1549 2375 Deum
1590 2339 1840 2389 purissimum
1883 2340 2061 2391 spiritum
2088 2337 2298 2376 videndum
2339 2339 2530 2392 superiori

1422 2390 1568 2429 auxilio
1595 2391 1767 2430 elevari.

1480 2456 1543 2494 77.
1574 2444 1632 2481 Ad
1661 2453 1862 2496 quartum.
1892 2443 2021 2483 Verba
2050 2444 2133 2496 ipsa
2160 2443 2293 2483 Isidori
2322 2443 2529 2497 Hispalen-

1425 2496 1474 2533 sis
1502 2497 1587 2534 satis
1616 2497 1814 2545 indicant,
1863 2497 1968 2549 loqui
1997 2508 2091 2535 eum.
2114 2498 2161 2534 de
2201 2499 2348 2536 visione
2375 2499 2525 2548 plena,

1425 2552 1466 2585 in
1481 2557 1558 2585 toto
1574 2578 1584 2596 ‚
1613 2549 1662 2589 <²9⁴
1682 2553 1834 2601 integre
1850 2580 1860 2597 ,
1889 2563 1976 2602 qnae
1993 2560 2045 2588 est
2073 2549 2358 2602 comprehensio
2373 2575 2384 2588 .
2413 2551 2528 2598 Quod

1425 2610 1611 2653 postremo
1639 2603 1740 2639 addit
1769 2603 1814 2641 de
1843 2602 1983 2640 Christi
2024 2603 2257 2641 humanitate
2278 2631 2289 2650 ,
2331 2603 2531 2642 emollien-

1425 2655 1517 2691 dum
1546 2663 1624 2701 est,
1654 2654 1687 2690 8<
1715 2669 1806 2692 cum
1835 2656 1876 2692 S.
1906 2655 1982 2692 Th.
2002 2654 2042 2694 5.
2071 2654 2113 2692 Ρ.
2141 2669 2181 2706 q.
2216 2668 2276 2692 ιο.
2307 2664 2378 2692 art.
2404 2669 2446 2692 ·1.
2476 2655 2526 2693 ad

1431 2720 1465 2744 ι.
1495 2707 1657 2758 intelligi
1685 2708 1796 2745 debet
1824 2708 1869 2745 de
1897 2707 2211 2745 excellentissima
2253 2707 2421 2759 quadam
2464 2721 2528 2746 co-

1425 2761 1611 2810 gnitione,
1640 2775 1727 2813 quae
1750 2762 1999 2812 cognitionem
2018 2761 2184 2799 aliarum
2215 2762 2403 2797 mentium
2420 2773 2528 2799 crea·

1423 2821 1549 2850 tarum
1579 2814 1783 2851 admodum
1813 2816 1993 2862 excedat,
2022 2829 2044 2852 a
2072 2814 2239 2866 perfecta
2269 2821 2392 2850 tamen
2421 2826 2528 2851 com-

1422 2865 1668 2917 prehensione
1693 2865 1804 2917 longe
1833 2867 1985 2906 deficiat
2005 2896 2016 2915 ,
2057 2879 2145 2918 quae
2174 2865 2242 2903 soli
2271 2865 2355 2902 Deo
2391 2878 2531 2904 conve·-

1423 2919 1505 2965 nit,
1534 2927 1574 2955 ut
1604 2920 1703 2957 infra
1731 2921 1989 2958 ostendemus.

1480 2970 1543 3020 78.
1573 2971 1718 3008 Eadem
1747 2973 1890 3009 ratione
1918 2972 2102 3024 explicari
2138 2978 2313 3022 poterunt
2341 2970 2530 3010 nonnulla

1425 3021 1501 3060 alia
1531 3023 1671 3061 similia
1701 3034 1869 3062 veterum
1886 3024 2039 3062 Patrum
2061 3025 2272 3061 testimonia
2293 3027 2307 3074 (
2329 3037 2417 3076 quae
2433 3024 2526 3061 Wi-

1422 3076 1556 3112 tassius
1585 3076 1734 3127 collegit
1764 3078 1779 3125 )
1811 3078 1843 3113 8(
1874 3078 2105 3128 aptissimam
2137 3076 2429 3114 siinilitudiuem
2459 3088 2526 3114 no-

1425 3129 1484 3165 bis
1513 3129 1724 3179 suppeditat
1752 3131 1791 3167 S.
1820 3129 2062 3181 Epiphanius
2092 3128 2250 3167 Hoerest
2271 3129 2395 3167 LXX.
2424 3143 2465 3167 n.
2485 3128 2526 3166 8·

1425 3182 1616 3232 quomodo
1654 3184 1761 3221 varia
1806 3182 2080 3233 significatione
2127 3195 2214 3220 vere
2261 3183 2337 3220 dici
2386 3182 2528 3233 possit,

1425 3233 1552 3270 Deum
1574 3249 1595 3270 a
1619 3234 1736 3273 lleatis
1766 3237 1913 3282 videri,
1945 3234 1977 3270 ἃ
1997 3248 2071 3272 non
2104 3236 2221 3273 videri.
2239 3263 2249 3273 .
2282 3233 2408 3272 Veluti
2429 3263 2440 3281 ,
2470 3235 2528 3271 in-

1427 3287 1535 3338 quit,
1580 3290 1612 3323 St'
1641 3292 1725 3337 quis
1753 3301 1822 3338 per
1849 3297 2063 3339 angustum
2080 3287 2280 3339 juramen
2309 3287 2450 3324 coelum
2478 3298 2527 3323 a·

1424 3343 1564 3390 spiciat
1582 3367 1593 3387 ,
1622 3341 1662 3381 <5⁸
1686 3340 1793 3379 dicat
1809 3370 1820 3390 ,
1850 3340 1957 3379 rideo
1976 3341 2116 3379 coelum
2132 3371 2144 3391 ,
2172 3355 2252 3380 non
2271 3344 2400 3393 utique
2417 3351 2528 3375 men·-

2405 3402 2475 3428 tie-
