2577 3633
266 94 352 145 ¹84

199 172 351 224 respicit
379 167 451 206 nisi
477 163 665 204 actualem
686 161 967 203 retributionem
999 177 1149 214 poenaet
1178 165 1229 203 ita
1258 166 1299 204 in

196 222 454 262 benedictione
481 218 686 256 electorum
704 217 835 255 eadem
864 213 1053 267 particula
1080 216 1241 256 causalis
1260 231 1300 256 e-

196 279 282 313 nim
309 286 384 311 non
411 280 462 309 est
491 271 687 309 referenda
726 270 772 310 ad
803 269 1121 321 praeparationem
1157 271 1261 323 regni
1282 301 1294 320 ,

193 328 261 366 sed
287 325 337 364 ad
359 322 550 370 actualem
577 322 746 375 ejusdem
774 322 1040 374 possessionem
1056 347 1068 360 .

248 378 315 431 98.
343 377 402 416 Ad
429 377 597 430 primam
625 376 800 415 confirm.
828 375 1016 425 responsio
1036 383 1135 426 patet
1163 389 1208 414 ex
1235 376 1293 416 di-

191 433 260 472 etis
274 446 285 478 3
314 439 388 470 tota
414 431 516 468 enim
535 429 727 469 antithesis
754 429 792 465 in
814 427 988 478 praemii,
1018 428 1052 465 ἃ
1081 442 1207 481 poenae
1237 444 1294 468 re-

193 485 398 523 tributione
425 492 620 531 versatur,
648 496 735 534 quae
759 481 887 533 utique
904 481 1054 534 respicit
1083 483 1201 532 bona,
1231 483 1292 522 vel

192 537 296 577 mala
326 537 487 582 merita3
515 549 587 574 non
617 544 745 573 autem
773 534 813 572 in
841 534 967 585 prima
996 533 1201 585 electione,
1230 536 1290 575 vel

192 591 454 642 reprobatione
471 619 482 636 ,
528 595 715 641 quantum
745 587 849 639 prior
876 600 899 624 a
926 585 1006 626 sola
1035 588 1107 627 Dei
1145 591 1290 628 miseri-

189 643 319 682 cordia
348 643 505 696 pendet,
534 639 652 679 altera
667 653 754 679 vero
773 638 821 677 ab
842 636 1007 689 ejusdem
1024 640 1096 679 Dei
1124 641 1289 693 justitia.

247 710 313 749 99.
345 697 402 733 Ad
429 693 629 732 secundam
658 693 831 731 confirm.
861 691 970 741 dico,
1019 693 1134 733 verba
1162 696 1203 734 S.
1231 696 1291 734 Jo.

191 748 473 801 chrysostomi,
502 745 535 782 δε
565 745 707 784 similia
736 746 900 784 aliorum
920 745 1075 784 Patrum
1093 778 1103 796 ,
1134 761 1289 799 praeser-

189 804 268 840 rim.
287 813 496 852 graecorum
512 828 523 848 ,
552 812 628 837 esse
657 798 900 852 intelligenda
918 799 964 837 de
992 802 1289 852 praedestinatio-

190 867 236 892 ne
263 855 302 891 in
331 853 460 891 ordine
489 855 714 901 executivo,
743 865 807 891 sen
835 852 881 890 de
901 854 984 904 ipsa
1011 853 1143 905 gloriae
1163 863 1291 893 actua-

189 906 216 943 li
248 907 519 952 retributione3
546 918 620 945 non
641 914 767 943 autem
786 906 835 944 de·
860 907 987 957 prima
1001 907 1181 946 electione
1200 921 1290 946 con-

188 959 348 998 siderata
377 960 418 998 in
445 960 576 997 ordine
603 962 809 997 intentivo.
852 958 901 997 Et
929 960 1022 1011 quia.
1048 958 1132 998 haec
1159 962 1291 999 distin-

189 1014 265 1050 ctio
291 1024 429 1064 magno
457 1021 507 1051 est
529 1013 611 1050 usui
629 1041 639 1060 ‚
669 1011 868 1064 aliquanto
894 1012 1013 1050 fusius
1041 1013 1289 1064 explicanda,

190 1065 225 1102 ἃ
255 1066 517 1104 confirmanda
545 1074 621 1102 est.
668 1064 720 1102 Ut
747 1079 817 1113 ea,
860 1079 948 1116 quae
978 1066 1018 1102 in
1048 1065 1131 1103 Deo
1172 1075 1257 1104 sunt
1277 1096 1288 1114 ‚

188 1131 258 1170 pro
287 1117 439 1156 modulo
467 1126 593 1156 nostro
620 1118 905 1169 concipiamus,
952 1117 1093 1169 duplex
1122 1119 1160 1156 in
1189 1132 1288 1171 prae-

186 1171 442 1209 destinationis
469 1171 618 1222 negotio
645 1171 929 1221 distinguendus
956 1179 1008 1208 est
1035 1171 1147 1219 ordo,
1193 1171 1289 1209 alter

189 1227 424 1272 intentirus,
473 1226 697 1261 executivus
725 1222 846 1262 alter.
901 1223 1002 1261 Nam
1030 1225 1157 1276 primo
1185 1224 1288 1263 Deus

186 1290 258 1329 pro
285 1277 362 1315 sola
390 1291 456 1315 sua
483 1276 769 1324 misericordia,
799 1275 832 1312 δε
860 1276 1028 1315 bonitate
1056 1289 1102 1314 ex
1130 1277 1288 1316 damna-

186 1338 224 1369 ta
253 1331 425 1368 omnium
455 1328 656 1367 hominnm
686 1342 808 1367 massa
828 1328 974 1380 aliquos
994 1328 1075 1367 vult
1102 1328 1291 1379 liberare,

189 1396 326 1434 eosque
354 1390 551 1434 pro-pterea
579 1381 628 1419 ad
656 1382 770 1419 vitam
790 1411 800 1429 ,
831 1381 864 1417 ἃ
891 1381 1054 1432 gloriam
1084 1391 1265 1420 aeternam
1282 1412 1293 1431 ,

185 1443 365 1486 tanquam
395 1435 442 1471 ad
470 1433 684 1471 indebitum
701 1463 712 1481 ,
742 1433 775 1469 8(
803 1434 1010 1484 grunnitum
1038 1433 1294 1483 beneficium,

188 1486 325 1538 elegit3
365 1485 462 1523 unde
504 1486 618 1523 etiam
649 1494 819 1524 movetur
862 1486 909 1524 ad
951 1485 1121 1524 efficacia
1149 1486 1295 1525 auxilia

186 1541 317 1592 gratiae
360 1540 410 1576 eis
440 1538 658 1577 destinanda
675 1568 686 1587 ,
733 1538 873 1590 quibus
916 1540 1089 1577 eamdem
1132 1539 1294 1590 gloriam

185 1599 495 1644 promereantur,
524 1591 558 1628 ἃ
586 1600 862 1643 consequantur
879 1618 889 1631 .
917 1591 966 1629 Et
994 1593 1034 1630 in
1063 1591 1134 1631 hoc
1163 1594 1293 1632 ordine

185 1654 283 1684 certe
320 1644 494 1685 voluntas
535 1644 628 1683 finis.
661 1646 845 1696 praecedit
887 1645 1109 1685 electionem
1149 1647 1293 1685 medio-

187 1711 274 1737 rum
291 1728 302 1747 ,
350 1698 410 1738 vel
438 1697 570 1736 saltem
599 1698 712 1736 simul
743 1707 822 1747 est,
858 1712 902 1736 ac
931 1697 1037 1737 nullo
1064 1699 1177 1738 modo
1204 1701 1294 1740 sub-

187 1754 359 1804 sequitur
376 1777 386 1788 .
429 1749 535 1788 Alter
563 1759 690 1787 autem
717 1751 809 1787 ordo
836 1752 991 1802 respicit
1019 1752 1142 1802 ipsam
1170 1754 1294 1803 operis

190 1805 476 1849 executionem,
506 1803 546 1838 in
567 1816 643 1853 qua
670 1802 808 1852 positio
835 1803 1048 1840 mediorum
1077 1804 1294 1854 praecedere

189 1857 347 1893 omnino
375 1854 484 1891 debet
513 1855 817 1893 consecutionem
847 1854 961 1901 finis,
1009 1868 1074 1892 seu
1104 1857 1208 1907 prius
1238 1869 1294 1893 re·

189 1909 400 1960 spiciuntur
428 1905 529 1944 bona
557 1905 760 1944 electorum
788 1909 951 1954 merita,
997 1920 1068 1960 ope
1094 1909 1225 1959 gratiae
1255 1924 1295 1949 a·

191 1961 353 2013 cquisita
371 1989 381 2006 ,
411 1973 527 2010 quam
556 1959 741 1997 mercedis
769 1959 966 1997 retributio
983 1985 993 1998 .

251 2024 338 2051 110.
367 2012 499 2063 Neque
529 2025 616 2050 vero
635 2013 895 2050 commentitia
923 2021 1002 2062 est,
1032 2021 1073 2050 ut
1101 2013 1223 2067 aliq-ui
1238 2014 1295 2052 di-

192 2076 281 2104 cunt
298 2095 309 2113 ,
339 2064 422 2102 haec
450 2064 615 2114 duplicis
634 2065 776 2102 ordinis
795 2065 1011 2103 distinctio.
1041 2066 1142 2104 Nam
1171 2069 1296 2119 primo

190 2120 233 2157 in
261 2118 366 2155 omni
395 2126 525 2167 agente
553 2116 802 2154 intellectuali
830 2119 999 2156 executio
1020 2147 1030 2166 ,
1078 2132 1141 2156 seu
1171 2119 1294 2172 appli-

191 2172 297 2210 catio
315 2171 493 2222 potenti-ee*
531 2169 577 2207 ad
606 2171 860 2221 operationem
901 2180 953 2208 est
981 2171 1074 2223 quid
1101 2172 1296 2211 diversum

192 2224 241 2262 ab
270 2223 469 2261 intentione
484 2236 495 2268 3
524 2222 559 2258 δι
585 2221 687 2273 quod
705 2231 763 2260 est
790 2227 962 2273 primum
982 2228 1023 2262 in
1051 2228 1267 2264 intentione
1283 2256 1295 2274 ,

193 2286 250 2314 est
278 2276 457 2313 ultimum
479 2279 519 2312 in
549 2279 778 2314 executione
794 2291 809 2320 ,-
838 2286 878 2314 ut
898 2276 1009 2315 habet
1038 2279 1168 2316 tritum
1198 2278 1297 2318 illud

195 2332 234 2366 in
264 2327 508 2380 Philosophia
535 2329 809 2379 proverbium.
839 2329 903 2368 Sic
919 2329 1023 2368 Deus
1051 2332 1158 2382 prius
1187 2331 1296 2369 intel-

193 2382 324 2434 ligitur
353 2382 551 2420 destinasse
581 2381 674 2420 Filii
703 2383 760 2420 sui
803 2384 1123 2432 incarnationem,
1171 2394 1296 2436 postea

192 2435 301 2474 illam
329 2435 591 2473 beatissimam
617 2435 817 2488 Virginem
846 2435 1025 2488 elegisse,
1054 2449 1099 2475 ex
1128 2451 1203 2489 qua
1232 2452 1297 2477 na-

194 2496 386 2527 sceretur.
416 2488 464 2525 At
492 2502 580 2526 vero
609 2489 647 2526 in
667 2490 885 2527 executione
915 2491 1018 2541 prius
1046 2499 1165 2528 mater
1194 2504 1297 2529 crea·

195 2549 233 2579 ta
262 2542 364 2589 fuit,
408 2541 542 2580 deinde
573 2543 612 2580 in
641 2543 844 2593 purissimo
872 2542 1042 2594 ejusdem
1071 2552 1174 2582 utero
1204 2543 1297 2582 Ver-

198 2593 295 2632 bum
325 2606 413 2632 caro
441 2593 585 2632 factum
614 2603 693 2634 est.

256 2660 347 2683 ior⁸
372 2645 555 2685 Praeterea
600 2647 661 2686 hie
689 2648 832 2701 duplex
872 2649 963 2687 ordo
993 2649 1026 2686 ἃ·
1054 2650 1171 2689 sacris
1200 2649 1300 2688 litte-

197 2699 280 2747 ris,
320 2698 353 2734 8<
383 2709 497 2737 sanct.
526 2700 680 2739 Patrum
707 2702 886 2740 doctrinae
915 2706 1071 2742 omnino
1098 2704 1303 2741 conformis

201 2760 277 2790 est.
307 2751 351 2788 In
377 2753 491 2789 sacris
520 2755 622 2791 enim
652 2753 786 2793 litteris
815 2757 891 2793 vit-a
912 2764 1053 2795 aeterna
1073 2757 1182 2794 modo
1209 2757 1304 2794 dici-

200 2813 262 2842 tur
281 2808 416 2856 grauia
432 2833 443 2851 ,
475 2804 582 2843 Rom.
603 2806 671 2844 VI.
704 2808 767 2845 25.
797 2812 933 2860 gratia
961 2818 1097 2847 autem
1117 2808 1201 2847 Dei
1224 2814 1302 2848 vita

201 2866 375 2903 ceterna3
404 2858 516 2896 modo
535 2871 625 2896 vero
651 2873 799 2898 corona
821 2863 1010 2913 justitiae,
1041 2876 1194 2901 merces
1214 2893 1225 2912 ,
1253 2863 1302 2903 <9⁹

204 2915 410 2959 proemium
434 2937 449 2949 ..
492 2911 626 2950 Gratia
656 2927 790 2966 nempe
819 2924 870 2952 est
901 2916 938 2953 in
966 2916 1098 2954 ordine
1126 2917 1308 2955 intentive

203 2977 227 2999 a
254 2961 330 3000 sola
358 2964 432 3001 Dei
461 2966 720 3005 misericordia
749 2969 998 3018 proveniens3
1045 2970 1085 3007 in
1114 2970 1242 3008 ordine
1270 2983 1308 3010 e-

206 3016 377 3053 xecutivo
405 3027 456 3054 est
484 3032 654 3067 merces,
686 3022 892 3071 praemium
909 3051 920 3070 ,
965 3021 998 3058 8t
1028 3035 1166 3061 corona
1194 3022 1308 3060 bono-

206 3079 295 3106 rum
339 3080 496 3120 operum
513 3097 523 3110 .
581 3072 680 3112 Hinc
728 3074 943 3116 Concilium
988 3074 1160 3115 Trident.
1208 3075 1306 3118 Sess-

934 83 1331 128 DJSSERTA'HO
1367 83 1442 127 VJ.
1491 83 1623 126 CAPr
1641 83 1721 125 111.

1365 161 1433 200 Vl.
1463 175 1547 213 cap.
1574 162 1632 200 16.
1662 160 1731 198 hoc
1760 158 1891 200 eodem
1920 176 2049 213 sensu,
2079 165 2117 204 ni
2148 165 2286 214 fallor,
2329 167 2438 206 docet
2453 197 2470 216 ,v

1365 214 1664 267 proponendam
1694 226 1780 251 esse
1799 219 1920 253 vitam
1940 225 2136 256 oeternatn
2153 249 2163 266 ,
2191 219 2240 259 (9‘
2269 228 2466 270 tanquam

1363 272 1542 320 gratiam
1576 267 1680 318 filiis
1708 265 1786 304 Dei
1813 280 1882 320 per
1913 267 2106 308 Christum
2133 272 2268 310 Iesum
2311 276 2464 310 miseri—

1361 321 1527 359 corditer
1553 322 1817 369 promissam,
1853 320 1902 361 ὠ·
1931 329 2130 373 tanquam
2159 325 2382 363 mercedem
2412 337 2464 364 ex

1360 378 1477 425 ipsius
1505 372 1583 410 Dei
1627 376 1887 422 promissione
1912 372 2021 412 bonis
2051 379 2221 426 ipsorum
2258 378 2462 430 operibus,

1362 427 1411 468 (90
1441 429 1590 465 meritis
1607 424 1786 478 fideliter
1813 426 2061 466 reddendam
2078 454 2091 468 .

1421 493 1505 518 102.
1536 479 1704 517 Demum
1733 479 1809 517 duo
1845 482 1972 532 magni
2001 480 2189 520 Ecclesiae
2217 482 2394 522 Doctores
2422 483 2465 524 S.

1360 532 1515 583 August.
1559 531 1593 567 8t
1623 530 1792 571 Thomas
1829 531 1928 572 lianc
1957 535 2081 586 ipsam
2116 535 2281 587 duplicis
2322 537 2466 574 ordinis

1356 585 1566 623 doctrinam
1596 597 1663 622 sua
1683 585 1904 624 auctoritate
1923 587 2149 626 confirmant
2168 614 2179 626 .
2209 586 2358 625 Primus
2377 590 2463 638 qui-

1357 636 1443 675 dem
1473 639 1512 676 in
1540 636 1629 676 Lib.
1656 636 1704 676 de
1731 638 1855 688 proed.
1884 639 2023 679 Sti-net.
2042 655 2078 680 c.
2105 654 2165 692 17.
2194 641 2241 678 de
2270 640 2467 692 praedesti·

1358 692 1453 729 uatis
1482 690 1669 742 loquens,
1716 691 1832 729 electi
1860 703 1977 740 sunt,
2021 695 2175 746 inquit,
2204 702 2299 731 ante
2329 692 2469 730 mundi

1356 746 1672 781 constitutionem
1701 757 1752 782 ea
1780 745 2156 796 praedestinatione,
2185 750 2227 784 in
2256 760 2336 797 qua
2355 745 2467 784 Deus

1356 808 1432 833 sua
1447 796 1597 848 futura
1625 795 1752 848 facta
1793 801 1987 848 praescivit
2017 802 2032 850 (
2062 799 2146 838 haec
2174 799 2309 837 electio
2344 808 2397 837 est
2426 801 2467 839 in

1357 849 1489 887 ordine
1517 850 1701 889 intentivo
1729 850 1776 900 ).
1805 849 1936 889 Electi
1963 860 2052 889 sunt
2071 861 2211 890 autem
2240 852 2288 889 de
2317 851 2468 890 mundo

1356 914 1407 939 ea
1435 906 1663 951 vocatione,
1693 916 1771 954 qua
1792 903 1902 942 Deus
1931 904 1996 953 id,
2025 905 2127 957 quod
2143 903 2463 956 praedestinavit,

1357 956 1527 1006 implevit
1544 981 1554 993 .
1584 956 1643 993 En
1671 956 1762 994 ordo
1790 959 2036 998 executivus.
2066 959 2108 997 S.
2136 967 2266 995 autem
2296 957 2468 996 Thomas

1356 1008 1397 1046 in
1427 1009 1458 1045 Ι.
1489 1009 1585 1047 Dist.
1607 1008 1672 1055 4¹.
1701 1018 1771 1047 art.
1795 1023 1831 1048 2.
1862 1011 1909 1049 ad
1945 1025 1977 1050 i.
2007 1010 2189 1059 Electio,
2219 1012 2373 1062 inquit,
2412 1010 2469 1048 di·-

1356 1065 1447 1099 vina
1477 1071 1560 1110 est,
1606 1075 1685 1114 qua
1714 1063 1836 1114 aliqui
1883 1076 1934 1101 ex
1962 1063 2100 1102 ordine
2142 1077 2227 1102 suoe
2255 1067 2464 1114 sapientiae

1355 1113 1590 1151 ordinantur
1618 1114 1674 1152 ad
1689 1114 1827 1167 finem
1846 1115 2097 1155 beatitudinis
2114 1143 2124 1154 .
2155 1116 2233 1154 Sed
2259 1115 2468 1167 proedesti-

1355 1171 1466 1205 natio
1496 1177 1553 1205 est
1571 1198 1581 1215 ,
1611 1168 1829 1206 secundum
1857 1170 1958 1221 quod
1986 1177 2269 1222 praeparantur
2297 1173 2354 1207 eis
2383 1183 2432 1207 ea
2454 1200 2466 1218 ‚

1355 1234 1443 1272 quae
1471 1221 1684 1271 perducunt
1712 1225 1754 1258 in
1770 1221 1934 1274 finem.
1963 1222 2019 1260 Ec
2049 1222 2134 1261 ideo
2162 1226 2261 1260 sicut
2288 1223 2469 1261 voluntas

1355 1273 1549 1311 ordinans
1587 1277 1628 1311 in
1645 1273 1784 1326 finem
1810 1275 1998 1324 praecedit
2039 1285 2178 1314 actum
2220 1276 2431 1314 Voluntatis
2453 1304 2468 1323 ,

1361 1331 1631 1377 praeparantis
1660 1339 1737 1373 ea,
1766 1340 1855 1375 quoe
1874 1327 2020 1364 ducunt
2050 1332 2092 1365 in
2109 1328 2245 1380 finem
2264 1357 2275 1374 ,
2305 1332 2362 1364 ita
2393 1328 2470 1365 ele-

1362 1382 1436 1416 ctio
1464 1377 1858 1429 praedestinationem
1899 1378 2118 1430 praecedit.
2173 1379 2303 1426 Quam
2330 1379 2481 1417 doctri-t

1362 1444 1456 1468 nam
1498 1432 1636 1483 saepius
1678 1433 1812 1482 repetit
1840 1432 2071 1484 Angelicus,
2118 1432 2317 1470 manifeste
2352 1440 2474 1470 osten-

1361 1483 1476 1531 dens,
1505 1484 1581 1521 duo
1608 1497 1684 1522 esse
1712 1485 2000 1536 distinguenda,
2030 1485 2175 1524 scilicet
2202 1486 2369 1537 primam
2398 1483 2474 1522 ele-

1362 1537 1554 1585 ctionem,
1583 1551 1671 1590 quae
1702 1539 1864 1590 pertinet
1884 1539 1931 1577 ad
1959 1539 2130 1577 ordinem
2160 1539 2408 1585 intentivum,
2439 1536 2474 1572 &

1362 1589 1730 1642 praedestinationem
1747 1620 1758 1639 ,
1788 1605 1852 1629 seu
1881 1593 2142 1630 executionem
2170 1603 2305 1628 eorum
2323 1621 2334 1639 ,
2382 1602 2473 1643 quoe

1361 1643 1515 1681 fuerunt
1544 1644 1584 1682 in
1612 1653 1752 1683 aeterna
1780 1643 1854 1683 Dei
1883 1644 2066 1683 electione
2095 1644 2242 1682 decreta
2260 1669 2274 1682 .

1422 1696 1510 1735 105.
1538 1696 1614 1736 Ob.
1645 1711 1718 1737 sec.
1749 1696 1841 1736 Vita
1871 1706 2010 1736 aeterna
2052 1697 2261 1749 saepissime
2291 1696 2329 1733 in
2358 1695 2479 1734 sacris

1362 1748 1493 1786 litteris
1521 1757 1678 1787 vocatur
1706 1762 1886 1797 merces,
1917 1763 2091 1798 corona,
2120 1749 2296 1787 bravium
2314 1763 2329 1792 ,·
2365 1749 2476 1800 atqui.

1361 1799 1449 1837 haec
1475 1801 1633 1838 nomina
1660 1801 1904 1839 manifestam
1945 1800 2144 1839 involvunt
2174 1801 2394 1839 relationem
2423 1800 2474 1838 ad

1362 1853 1525 1890 merita:
1572 1865 1658 1904 ergo
1687 1852 1818 1890 electio
1858 1853 1904 1891 ad
1932 1853 2095 1904 gloriam
2124 1853 2209 1892 fieri
2248 1866 2322 1891 non
2353 1853 2477 1905 potuit

1363 1918 1441 1943 sine
1470 1906 1692 1943 meritorum
1721 1907 1971 1956 praevisione.

1423 1958 1508 2004 ¹04·
1542 1957 1651 2010 Hesp.
1681 1958 1779 1996 Dist.
1827 1958 1920 1996 min.
1951 1957 2036 1997 lraec
2077 1959 2237 1997 nomina
2266 1957 2471 1997 involvunt

1362 2009 1585 2049 relationem
1615 2011 1663 2049 ad
1690 2011 1852 2059 merita,
1882 2025 1970 2064 quae
2001 2012 2074 2050 sint
2096 2020 2250 2051 aeternae
2279 2011 2478 2050 electionis

1363 2077 1507 2113 causa,
1542 2077 1642 2117 nego
1654 2078 1674 2108 .;
1721 2077 1808 2116 quae
1838 2064 1909 2103 sint
1938 2064 2107 2116 ejusdem
2137 2064 2314 2112 effectus,
2357 2076 2476 2104 conc·

1362 2115 1500 2165 Deus,
1549 2119 1674 2169 iuquit
1716 2126 1845 2155 auctor
1874 2116 1945 2156 lib.
1976 2117 2024 2155 de
2053 2121 2257 2155 vocatione
2296 2120 2477 2168 gentium

1363 2169 1452 2207 Lib.
1473 2170 1521 2207 11.
1551 2169 1635 2218 liis,
1677 2183 1771 2221 quos
1799 2170 1913 2223 elegit
1942 2174 2027 2209 sine
2056 2174 2234 2217 meritis,
2271 2168 2342 2206 dac
2371 2167 2476 2205 unde

1363 2231 1551 2260 ornentur
1587 2224 1636 2263 <9¹
1665 2227 1847 2269 meritis;
1893 2223 1942 2264 ὠ
1958 2223 2123 2275 frustra
2165 2222 2327 2269 dicitur,
2374 2220 2477 2272 quod

1363 2279 1467 2313 ratio
1502 2275 1692 2327 operandi
1736 2289 1817 2314 non
1845 2280 1894 2314 sit
1922 2277 2084 2325 electis,
2130 2289 2223 2313 cum
2265 2278 2392 2314 etiam
2419 2272 2476 2312 ad

1364 2328 1434 2366 boc
1451 2360 1466 2378 „
1491 2338 1531 2367 ut
1559 2338 1767 2379 operentur
1783 2359 1794 2378 ,
1823 2330 1935 2368 electi
1964 2333 2043 2368 sint
2073 2330 2136 2380 (a)
2154 2355 2166 2367 .

1425 2383 1510 2420 105.
1541 2384 1631 2421 lust.
1661 2382 1805 2421 Eodem
1834 2383 1947 2420 modo
1976 2396 2092 2421 sacrae
2112 2382 2253 2420 litteras
2272 2380 2478 2432 loquuntur

1366 2435 1411 2473 de
1440 2438 1625 2488 praemio,
1655 2449 1698 2474 ac
1728 2437 1773 2474 de
1803 2450 1943 2488 poena3
1972 2437 2076 2489 atqui
2107 2443 2208 2474 certo
2227 2435 2366 2472 certius
2394 2443 2475 2482 est,

1368 2503 1521 2539 poenam
1552 2488 1747 2542 aliquibus
1766 2503 1840 2528 non
1868 2489 2041 2537 intendi,
2070 2489 2142 2526 nisi
2172 2500 2219 2525 ex
2249 2488 2479 2539 praevisione

1366 2542 1557 2580 malorum
1585 2555 1768 2595 operum:
1815 2555 1904 2595 ergo
1931 2543 2048 2581 etiam
2076 2543 2156 2582 vita
2185 2549 2330 2579 aeterna
2348 2569 2359 2589 ,
2388 2552 2479 2592 quae

1367 2605 1418 2632 est
1447 2597 1654 2647 praemium
1683 2596 1753 2634 διο.

1430 2648 1514 2686 106.
1545 2649 1658 2701 Resp.
1686 2649 1784 2688 Dist.
1797 2647 1890 2700 maj.
1905 2648 1944 2686 in
1956 2648 2318 2694 ordineexecutiw,
2339 2657 2477 2687 conc„-

1373 2704 1412 2739 in
1442 2703 1573 2741 ordine
1602 2703 1808 2750 intentivo,
1856 2715 1959 2754 nego
1981 2726 1993 2740 .
2040 2702 2258 2740 Discrimen
2299 2698 2405 2737 affert
2433 2695 2476 2735 S·

1373 2756 1474 2807 Aug,
1500 2756 1589 2794 Lib.
1611 2757 1678 2794 III.
1708 2764 1813 2793 cont.
1842 2754 1919 2793 Jul.
1948 2769 2034 2805 cap.
2061 2754 2122 2792 18.
2153 2753 2353 2805 inquiens:
2400 2747 2475 2786 Bo-

1370 2821 1451 2844 nus.
1473 2817 1531 2846 est
1558 2807 1696 2857 Deus,
1732 2810 1864 2860 justus
1892 2817 1949 2846 est
1979 2807 2089 2846 Deus
2110 2833 2121 2845 .
2167 2805 2296 2842 Potest
2324 2802 2477 2852 aliquos

1371 2866 1457 2899 sine
1487 2860 1593 2898 bonis
1623 2865 1774 2900 meritis
1793 2860 1987 2908 liberare,
2017 2863 2109 2911 quia
2138 2856 2258 2894 bonus
2278 2864 2365 2899 esti
2395 2866 2479 2892 '20²⁵

1368 2923 1490 2965 potest
1519 2928 1760 2966 quemquam
1801 2919 1886 2953 sine
1916 2913 2034 2950 malis
2063 2913 2213 2948 meritis
2242 2907 2476 2955 damnare,

1370 2971 1463 3019 quia
1487 2968 1616 3018 justus
1646 2978 1735 3007 est.
1778 2967 1819 3006 S.
1848 2966 2057 3016 Augustino
2097 2970 2275 3000 consonat
2303 2960 2477 2998 definitio

1370 3021 1530 3058 Concilii
1560 3020 1754 3063 Valentini
1797 3034 1879 3058 can.
1903 3019 1940 3056 5.
1969 3017 2125 3054 dicentis
2143 3045 2153 3063 ,
2201 3018 2242 3050 in
2285 3013 2476 3051 electione

1374 3073 1657 3116 salvandorum
1686 3071 2006 3114 misericordiam
2033 3068 2110 3109 Dei
2136 3065 2362 3117 praecedere
2392 3079 2476 3127 rne-

2370 3131 2424 3156 ri-

256 3228 301 3264 (α)
326 3225 376 3257 Ita
398 3228 557 3259 restituta
584 3238 634 3261 est
663 3243 742 3264 vera
769 3234 870 3268 lectio
895 3234 1000 3281 hujus
1026 3236 1092 3269 loci
1116 3248 1157 3269 ex
1185 3236 1301 3273 codice
1326 3237 1403 3272 MS.
1427 3235 1651 3272 Bibliothecae
1679 3234 1874 3271 Tlmaneae·
1903 3231 1995 3266 Nam
2021 3238 2123 3267 antea
2150 3226 2311 3263 mendose
2335 3224 2474 3270 legeba-

210 3280 289 3304 tur:
319 3284 388 3305 cum
414 3275 517 3306 etiam
543 3275 579 3305 ot«
605 3274 668 3308 hoc
693 3289 894 3321 operentur,
921 3291 955 3318 us
982 3284 1085 3318 electi
1113 3287 1209 3320 sinc,
