2577 3633
211 154 252 194 6?-
947 145 1352 191 DISSERTATIO
1385 148 1418 190 Ι.
1452 146 1580 190 CAP.
1615 147 1672 189 11.-

148 229 345 267 manifeste
360 227 555 278 distinguit
573 239 663 265 cum
682 227 801 275 dicit,
831 225 1114 276 Deumfecisse
1135 237 1251 261 mun-

150 281 272 330 dum,
302 282 351 322 <¹9⁸
378 283 542 328 omnia,
574 293 662 331 quoe
691 283 732 317 in
761 294 812 332 eo·
833 288 948 323 suizt3
984 277 1160 314 eumdem
1191 290 1251 315 es-

148 347 192 372 se
220 335 329 381 coeli,
370 333 418 372 (ἓν
448 341 567 371 terrae
595 333 826 380 (lominum,
867 332 916 370 Θ
944 330 1043 368 <lare
1070 329 1250 368 omnibns

146 391 267 424 vitam
285 416 295 434 ,
324 389 656 435 inspirationem,
683 386 732 426 ὅ)
760 387 898 423 omnia
915 396 928 420 :
966 383 999 419 &
1030 396 1118 421 cum
1149 386 1250 435 pari-

145 448 202 477 ter
231 438 341 477 Rom.
362 439 434 477 IX.
457 440 495 478 5.
523 439 643 488 dicit,
671 438 803 476 Deum
824 449 909 474 esse
937 448 1054 486 super
1081 440 1251 475 omnia.

200 505 265 543 27.
295 492 354 530 Ad
382 493 555 544 Origenis
596 501 720 530 autem
763 490 889 527 locum
917 488 1071 527 brevior
1112 498 1163 528 est
1192 503 1250 528 re-

143 546 295 594 sponsio
311 574 321 592 ,
352 546 478 596 ipsum
497 543 642 582 scilicet
671 542 764 581 nihil
785 542 892 580 aliud
913 542 1076 582 voluisse
1091 572 1101 591 ,
1131 556 1248 594 quam

142 597 271 634 Deum
299 599 438 636 intima
466 599 603 636 virtute
630 596 756 633 omnia
793 608 1039 643 conservare,
1087 609 1215 648 regere
1237 626 1248 644 ,

141 659 256 707 atque
285 651 571 688 administrare:
601 647 699 685 uude
727 647 855 686 subdit
885 649 1126 687 immediate:
1156 662 1247 699 quo·

144 702 259 740 mollo
287 707 394 740 enim
423 707 464 740 in
493 702 579 740 Deo
607 704 794 750 Vivimus,
841 701 891 742 ἔθ’
921 715 1148 749 movemur,
1197 702 1247 742 (J

143 769 281 793 sumus
298 786 307 803 ,
337 760 414 793 nisi
428 754 528 805 quod
548 758 683 791 virtute
711 767 786 792 sua
807 758 1030 793 universum
1051 758 1247 793 constrin-

139 812 224 859 git,
253 809 302 848 ἔθ’
329 807 521 860 gubernat
551 806 785 845 mundum?
827 809 955 857 Addo,
1000 822 1071 845 non
1102 817 1244 845 tantam

139 874 216 898 esse
246 860 358 911 hujus
377 862 500 911 operis
528 859 784 899 auctoritatem
803 891 814 909 ,
842 862 944 914 quod
973 861 1022 900 ab
1045 861 1246 899 Haereticis

138 913 241 951 foede
270 922 492 965 corruptum
522 914 664 962 fuisse,
693 923 861 952 constat.
900 915 947 953 Et
976 915 1154 966 quamvis
1184 913 1245 952 illi

139 966 230 1002 libri
271 966 377 1003 latini
407 965 455 1004 <ie
495 969 723 1018 principiis,
769 980 864 1019 quos
906 968 1018 1005 modo
1059 967 1244 1006 habemus

138 1022 154 1068 (
183 1020 298 1069 graeci
328 1020 429 1057 enim
459 1020 607 1057 codices
628 1019 726 1059 nulli
755 1019 923 1072 amplius
953 1029 1152 1072 supersunt
1183 1020 1241 1067 )a

137 1072 289 1110 Ruffiuo
317 1073 503 1110 emendati
532 1073 630 1120 siut,
659 1086 720 1110 eos
740 1082 863 1112 tamen
892 1072 1089 1112 nonnullis
1118 1072 1244 1110 adhuc

134 1133 273 1163 scatere
287 1125 502 1172 erroribus,
531 1127 667 1164 eruditi
683 1127 936 1165 consentiunt.
968 1125 1058 1164 Vid.
1075 1126 1115 1165 S.
1134 1125 1242 1164 Rem.

138 1177 296 1215 ceillier
324 1177 430 1217 Hist.
472 1178 541 1217 des
571 1179 741 1218 Auteurs
769 1179 883 1219 Eccl.
913 1180 1036 1218 Tomo
1065 1180 1112 1218 ΙΙ.
1155 1193 1243 1230 cap.

137 1230 203 1269 58.
233 1230 271 1281 §-
297 1244 358 1269 ιι.

191 1283 255 1322 28.
288 1283 414 1323 Verba
443 1284 598 1323 demum
619 1285 659 1324 S.
680 1285 884 1338 Dionysii,
915 1284 1069 1338 aliaque
1098 1285 1243 1324 similia

135 1338 391 1389 quorumdam
420 1337 461 1375 S.
491 1337 644 1376 Patrum
691 1338 855 1391 explicat
883 1339 924 1376 S.
955 1339 1123 1378 Thomas
1152 1339 1241 1378 Lib.

136 1391 168 1427 l.
197 1399 341 1427 contra
373 1390 492 1429 Gent.
522 1405 609 1443 cap.
631 1391 694 1430 26.
742 1393 842 1444 quod
872 1392 1064 1431 Divinitas
1092 1395 1138 1430 sit
1167 1406 1243 1430 esse

136 1444 337 1489 omnium,
384 1448 478 1493 quia
507 1447 548 1480 in
575 1444 755 1482 omnibus
783 1444 971 1494 quaedam
1012 1446 1129 1482 dit-ini
1159 1448 1255 1483 esse*

135 1495 348 1532 sirntlt'ttttlo
388 1500 610 1544 reperitur,·
656 1510 732 1536 non
762 1507 888 1535 autem
918 1498 1020 1547 quod
1050 1497 1245 1536 Divinitas

136 1550 183 1585 sit
211 1551 390 1584 omnium
422 1561 507 1585 esse
523 1547 736 1598 jot-male.
777 1549 876 1586 Hinc
905 1550 1007 1586 idem
1037 1550 1246 1600 Dionysius

138 1603 152 1649 (
185 1601 222 1638 in
250 1614 334 1651 cap.
356 1600 426 1639 XI.
455 1600 502 1638 de
522 1600 658 1638 divinis
674 1600 897 1639 nominibus
919 1602 932 1650 )
956 1601 1060 1649 Dei,
1090 1602 1216 1653 inquit
1234 1631 1248 1649 ,

143 1666 269 1704 neque
297 1652 449 1700 tatius,
495 1667 623 1703 neque
651 1655 789 1703 aliqua
832 1658 1067 1692 commixtio
1104 1664 1162 1691 est
1191 1653 1246 1691 ati

134 1719 199 1744 res
228 1707 333 1743 alias
350 1736 360 1754 ,
390 1710 505 1743 sicuti
534 1715 592 1744 est
611 1705 741 1756 punfii
769 1706 825 1744 acl
852 1707 1026 1755 lineam,
1057 1707 1114 1744 vel
1130 1705 1244 1758 figu-

133 1772 184 1797 ra
211 1759 328 1811 sigilli
356 1757 410 1796 all
437 1771 578 1796 ceram
607 1760 670 1811 (a)
688 1785 699 1796 .

192 1825 257 1864 29.
286 1811 362 1850 Ob.
388 1811 553 1849 secundo
570 1837 580 1849 .
628 1810 748 1850 Nulla
777 1824 854 1850 esse
896 1820 1013 1864 potest
1040 1811 1244 1850 substantia

136 1875 277 1918 praeter
305 1865 458 1910 Deum5
488 1879 578 1902 nam
609 1864 713 1903 Deus
742 1874 792 1902 est
822 1879 884 1903 eus
913 1864 1142 1916 simpliciter
1162 1894 1172 1912 ,
1211 1863 1243 1899 8<

138 1920 246 1957 omni
276 1918 386 1955 modo
415 1917 611 1955 infinitum
629 1931 639 1963 3
668 1918 835 1971 adeoque
855 1918 965 1956 dehet
984 1931 1138 1955 omnem
1160 1917 1249 1955 sub-

139 1972 286 2010 stantiae
317 1971 497 2009 rationem
530 1971 581 2008 ita
610 1970 839 2019 absorbere,
884 1980 923 2009 ut
952 1970 1048 2009 nihil
1078 1980 1216 2022 praeter
1237 2001 1247 2018 ,

141 2024 175 2059 ἃ
204 2033 306 2061 extra
336 2026 460 2076 ipsum
490 2024 563 2070 sit3
593 2024 917 2075 quemadmodum
947 2026 977 2061 si
1008 2039 1127 2062 unum
1157 2033 1250 2062 esset

141 2090 279 2130 corpus
308 2077 502 2114 infinitum
521 2107 531 2125 ,
561 2076 711 2115 nullum
733 2076 840 2116 aliud
869 2091 945 2116 esse
965 2087 1084 2131 posset
1113 2091 1250 2129 corpus

142 2130 192 2168 ab
221 2144 264 2167 eo
294 2131 516 2167 diversum.

199 2183 264 2221 50.
294 2182 406 2233 Resp.
436 2182 522 2220 dist.
551 2182 661 2221 illam
704 2196 814 2234 prop.
845 2183 948 2221 Deus
976 2192 1028 2221 est
1069 2197 1132 2222 ens
1160 2183 1250 2221 sim-

142 2235 295 2287 pliciter
312 2266 322 2283 ,
353 2235 386 2272 8(
415 2237 519 2273 omni
539 2237 652 2273 modo
673 2236 869 2274 infinitum
885 2266 896 2284 ,
925 2238 1035 2288 quasi
1056 2237 1253 2275 infinitum

144 2290 376 2325 realitatum
396 2302 504 2326 num.
533 2290 574 2326 in
602 2302 641 2325 se
660 2290 865 2338 contineat,
895 2303 1027 2342 nego:
1056 2304 1148 2338 ens,
1178 2302 1254 2341 quo

147 2341 245 2378 nihil
275 2341 400 2392 majus
437 2354 516 2378 esse
545 2350 689 2392 potest,
737 2354 849 2381 conc.
898 2343 1057 2381 Nullam
1099 2343 1256 2396 quidem

149 2393 292 2432 claram
311 2425 320 2442 ,
350 2392 643 2445 distinCtamque
663 2394 807 2433 infiniti
823 2397 945 2434 ideam
967 2409 1033 2435 nos
1047 2395 1255 2444 habemus,

147 2448 288 2499 oppido
316 2456 441 2484 tamen
471 2448 499 2484 ii
529 2447 741 2496 falluntur,
780 2450 855 2501 'qui
888 2458 1044 2501 putant,
1073 2463 1137 2488 ens
1166 2449 1255 2487 infi-

147 2502 272 2538 nitum
316 2514 392 2538 esse
432 2501 542 2552 quasi
572 2510 814 2552 aggregatum
857 2502 1080 2554 partialium
1109 2505 1254 2540 entium

152 2566 259 2591 num.
279 2553 516 2592 infinitorum
533 2568 544 2601 ς
573 2562 664 2592 esset
683 2555 786 2592 enim
816 2555 1013 2596 infinitum
1033 2555 1191 2609 aliquod
1210 2568 1256 2594 ex

201 2739 250 2774 (a)
278 2736 352 2769 Jac.
379 2735 554 2768 Bwloerus
588 2736 623 2769 in
648 2737 746 2771 Hist.
786 2738 874 2773 Crit.
902 2739 994 2774 Phil.
1030 2741 1141 2775 'I'omo
1166 2741 1198 2774 3.
1225 2752 1260 2782 p.

153 2779 236 2823 624.
263 2785 293 2813 Bc
319 2782 405 2814 alibi
443 2783 608 2821 censuit,
648 2796 754 2828 opera
791 2785 1152 2832 pseudo-Dionysiana
1187 2799 1260 2820 esse

154 2827 279 2860 foetum
305 2828 454 2871 alicujus
480 2829 700 2872 impostoris,
726 2830 784 2873 qui
809 2843 849 2863 ex
866 2832 1083 2878 Philosophia
1110 2835 1262 2867 Alexan-

155 2872 256 2906 drina
280 2874 396 2917 plures
431 2885 590 2914 errores,
628 2877 658 2907 &
687 2876 940 2920 impietatesin
965 2881 1181 2925 Religionem
1210 2881 1263 2912 in-

156 2919 318 2951 vexerit.
362 2919 427 2952 Sed
453 2920 649 2953 Brukerum
685 2924 901 2957 confutatum
935 2926 1040 2960 habes
1066 2928 1101 2960 in
1136 2937 1263 2972 opere,

158 2965 214 2997 cui
254 2965 377 2999 titulus
412 2966 511 3000 Hist.
548 2966 636 3001 Crz't.
662 2969 705 3002 de
743 2971 768 3003 l’
792 2968 1002 3006 Eclectisme
1040 2974 1109 3007 vol.
1149 2985 1201 3006 11.
1228 2984 1261 3018 p.

157 3010 237 3043 256.
265 3023 335 3055 seq.

209 3057 257 3094 (b)
276 3055 490 3090 'Substantim
519 3071 640 3092 nomen
668 3061 805 3104 proprie
824 3062 896 3095 Deo
922 3075 987 3096 uon
1012 3065 1194 3105 eonvenit3
1219 3073 1258 3098 ut

159 3104 253 3134 enim
280 3104 313 3150 Sg
341 3103 493 3138 Thomas
524 3119 551 3138 1.
577 3107 611 3139 P.
638 3118 698 3149 qu.
726 3108 758 3139 3.
784 3116 850 3140 art.
881 3109 910 3140 5.
937 3110 978 3142 ad
1008 3123 1036 3142 1.
1064 3115 1095 3145 δε
1123 3112 1198 3146 Lib.
1229 3123 1258 3144 1.

160 3148 260 3180 Cont-
290 3150 390 3182 (ient.
429 3163 457 3183 c.
487 3152 542 3184 25.
580 3151 766 3193 observat,
803 3155 894 3186 Deus
932 3167 996 3188 non
1034 3167 1085 3190 est
1126 3159 1161 3191 in
1196 3158 1261 3192 ali·-

161 3205 229 3238 quo
254 3205 373 3237 genere
389 3217 399 3235 ‚
436 3200 467 3228 ὃ(
492 3199 614 3231 melius
640 3197 770 3232 dicitnr
805 3213 864 3233 ens
890 3201 1061 3244 ‹ffiiorldam
1089 3206 1264 3250 supersub-

165 3243 325 3274 stantiale
363 3253 463 3275 omne
496 3254 601 3286 genus
638 3245 842 3279 substantia}
877 3247 1012 3281 infinito
1046 3261 1121 3294 post
1158 3265 1192 3285 se
1211 3251 1265 3284 in-

163 3287 308 3319 tervallo
333 3289 530 3332 relinquens
550 3313 557 3320 .
584 3291 698 3337 Atque
714 3292 750 3324 'in
778 3293 868 3325 laud.
895 3293 957 3326 lil).
989 3307 1017 3326 1.
1038 3298 1135 3330 Colit.
1157 3299 1263 3332 Gent-

166 3342 195 3364 ς.
223 3334 276 3365 εἴ).
302 3334 450 3368 similem
477 3334 717 3372 difficultatem
742 3337 954 3385 expediens,
978 3339 1140 3379 Divinum
1164 3356 1265 3386 esse,

1319 226 1490 277 partibus
1531 226 1811 277 compositum,
1857 223 1961 277 quod
1987 226 2142 265 omnino
2184 239 2431 279 repugnare,

1317 279 1417 317 bona
1463 279 1494 315 8<
1524 278 1660 316 melior
1690 276 2005 329 Philosophorum
2045 293 2158 331 pars,
2207 281 2341 331 paucis
2370 294 2438 317 re-.

1316 331 1600 380 clamantibus,
1647 331 1860 368 existimat.
1919 331 2008 369 Vid.
2039 331 2180 370 Lokius
2222 332 2269 371 de
2298 332 2439 372 Intello

1318 384 1494 423 littinano
1524 385 1611 422 Lib.
1633 385 1680 422 II.
1710 397 1744 420 c-
1773 396 1832 435 17.
1861 383 2015 422 Dicitur
2043 398 2131 436 ergo
2150 385 2254 424 Deus
2282 400 2345 423 ens
2374 387 2432 423 in*

1319 438 1471 476 finitum
1502 439 1541 475 in
1562 438 1637 475 alio
1667 450 1774 474 sensu
1791 465 1802 484 ‚
1832 439 2010 488 quamvis
2029 453 2051 475 a
2080 437 2189 475 nobis
2210 451 2347 489 parum
2367 440 2427 477 in-

1319 490 1513 542 telligibili
1537 519 1547 537 ,
1576 489 1722 527 scilicet
1750 498 1937 540 quatenus
1966 491 2092 542 primo
2119 500 2220 528 caret
2249 491 2433 529 omnibus

1319 542 1701 594 iiuperfefflonibus,
1743 555 1832 594 quae
1863 544 1902 581 in
1930 543 2017 582 aliis
2045 543 2195 581 entibus
2232 545 2433 595 reperiun-

1316 606 1402 641 tur3
1451 596 1484 631 δε
1513 597 1664 647 insuper
1692 603 1878 646 quatenus
1906 609 2037 634 omnes
2079 596 2246 635 aliorum
2276 596 2436 634 entium.

1316 648 1563 702 perfeetiones
1591 649 1780 695 continet,
1821 661 1891 686 non
1919 650 2076 701 quidem
2094 648 2336 701 formaliter
2353 679 2366 697 ‚
2396 649 2432 686 δε

1315 713 1498 754 tanquam
1528 710 1678 753 partes,
1717 701 1814 738 uude
1843 711 2088 753 aggregatum
2115 704 2264 740 eutium
2294 702 2430 741 infini-

1315 764 1398 794 tum
1428 754 1607 800 resultet3
1636 754 1698 791 sed
1728 755 1973 802 virtualiter,
2002 759 2252 793 eminenter.
2289 755 2333 793 Si
2362 768 2430 793 ve-

1315 822 1357 846 ro
1385 821 1523 860 corpus
1552 816 1643 845 esset
1672 806 1892 855 infinitum,
1939 808 2068 844 omnia
2096 807 2182 846 loca
2223 817 2431 860 occuparet

1315 875 1387 900 non
1417 861 1659 908 virtualiter,
1706 861 1769 898 sed
1799 859 1911 908 astu,
1961 859 1994 896 8<
2010 859 2281 912 formaliter:
2330 861 2430 900 unde

1315 913 1421 953 nulla
1450 913 1527 952 alia
1555 926 1715 966 corpora
1743 927 1820 950 esse
1850 922 1996 965 possent
2026 911 2083 964 (b)
2101 938 2113 951 .

1370 967 1434 1006 51.
1465 967 1597 1019 Neque
1627 979 1715 1006 vero
1743 965 1833 1004 hinc
1862 966 2027 1004 inferant
2056 966 2306 1018 Spinozistae,
2357 965 2432 1004 hoe

1311 1033 1373 1058 ens
1394 1019 1586 1058 infinitum
1602 1050 1613 1068 ,
1642 1020 1692 1058 ab
1722 1019 1903 1057 omnibus
1922 1018 2007 1059 aliis
2026 1019 2219 1057 diversum
2241 1018 2426 1057 fistitium

1311 1087 1387 1112 esse
1405 1103 1415 1120 ,
1445 1082 1558 1126 atque
1588 1073 1891 1124 imaginarium,
1938 1086 2029 1110 cum
2059 1070 2158 1110 nihil
2187 1085 2320 1109 eorum
2348 1073 2430 1120 sit,

1311 1140 1399 1178 quae
1419 1142 1442 1164 a
1471 1127 1580 1165 nobis
1610 1127 1650 1164 in
1672 1125 1817 1163 mundo
1836 1127 2148 1177 conspiciuntur,
2181 1125 2245 1163 sed
2265 1139 2310 1163 ex
2340 1138 2428 1176 per—

1312 1179 1541 1217 settionibus
1570 1194 1592 1217 a
1620 1179 1728 1216 nobis
1749 1177 1918 1217 confitstis
1946 1179 2053 1230 quasi
2071 1177 2282 1216 conflatum
2301 1204 2311 1216 .
2341 1177 2429 1216 Nou

1311 1234 1468 1285 inquam
1484 1247 1495 1278 3
1525 1233 1662 1270 etenim
1693 1232 1817 1283 potius
1838 1240 1967 1269 contra
1994 1231 2072 1268 dici
2092 1231 2271 1279 deberet,
2301 1230 2432 1269 Deum

1310 1299 1385 1328 non
1415 1299 1493 1324 esse
1522 1300 1586 1323 ens
1613 1286 1787 1322 omnium
1830 1282 2180 1335 perfeElissimum,
2230 1283 2264 1319 &
2293 1283 2430 1322 infini-

1310 1348 1414 1388 tum,
1461 1341 1493 1377 si
1522 1337 1620 1376 nihil
1648 1346 1741 1376 esset
1770 1337 1906 1386 aliud,
1944 1350 2063 1389 quam
2093 1346 2337 1388 aggregatum
2367 1350 2430 1374 ea-

1312 1406 1399 1430 rum
1428 1390 1729 1444 perfeffionum,
1760 1404 1848 1443 quae
1871 1392 1909 1428 in
1939 1388 2012 1428 hac
2042 1403 2172 1427 rerum
2204 1390 2443 1438 uiiiversitaff-

1311 1455 1345 1483 te
1374 1445 1649 1490 mveniiint11r3
1679 1443 1740 1481 hae
1761 1444 1952 1496 siquidem
1982 1443 2104 1481 finitae
2134 1451 2246 1490 sunt,
2278 1442 2432 1480 ceteris-

1311 1511 1386 1548 que
1415 1498 1603 1535 limitibus
1622 1498 1924 1549 circumscriptas
1942 1526 1954 1545 ,
1984 1489 2182 1548 mul‘taque
2211 1496 2322 1547 quasi
2351 1507 2433 1532 sco-

1314 1551 1371 1586 ria
1401 1548 1738 1599 ixnperfeffionum
1758 1550 1995 1600 deturpatae3
2026 1563 2176 1587 necesse
2205 1549 2320 1598 igitur
2350 1555 2435 1596 est,

1317 1611 1354 1639 ut
1384 1600 1535 1653 quando
1578 1599 1758 1637 volumus
1800 1602 1926 1638 ideam
1956 1603 2050 1637 entis
2094 1600 2360 1651 perfeffissiini
2389 1602 2433 1639 in

1315 1654 1424 1693 uobis
1453 1652 1676 1699 efformare,
1707 1652 1806 1690 illud
1835 1653 2128 1704 concipiamus,
2158 1662 2199 1690 ut
2227 1654 2277 1690 ab
2305 1654 2433 1698 omni-f

1312 1706 1384 1743 bus
1413 1705 1499 1743 aliis
1528 1705 1713 1751 essentia,
1743 1703 1777 1739 δι
1806 1704 1999 1742 attributis
2026 1707 2183 1742 omnino
2209 1706 2403 1744 diversum
2421 1730 2446 1744 ι

1368 1758 1433 1796 32.
1464 1757 1555 1794 Inst.
1585 1757 1736 1807 primu.
1784 1755 1826 1793 Si
1856 1756 1989 1808 aliqua
2031 1765 2124 1794 esset
2167 1755 2428 1796 substantia'a

1313 1811 1394 1849 Deo
1408 1811 1580 1856 diversa,
1607 1817 1698 1846 esset
1712 1808 1855 1860 aliquis
1875 1809 2008 1847 modus
2023 1810 2229 1858 existendi,
2258 1810 2428 1862 quiDeo

1316 1877 1392 1902 non
1421 1864 1666 1909 conveniret,
1696 1870 1809 1913 atque
1830 1863 1923 1900 adeo
1952 1871 2044 1900 esset
2065 1863 2171 1900 Deus
2199 1863 2430 1902 determina-

1316 1926 1373 1955 tus
1402 1917 1449 1954 ad
1470 1925 1588 1953 certos
1608 1916 1792 1967 quosdam
1817 1915 2006 1953 'existendi
2027 1915 2155 1953 modos
2174 1945 2184 1963 ,
2215 1929 2282 1953 nec
2302 1929 2437 1954 omnes

1317 1970 1500 2014 haberem
1541 1969 1644 2021 quod
1672 1969 1748 2006 enti
1779 1967 2057 2021 perfestissiino
2085 1977 2299 2020 repugnat,
2341 1983 2436 2021 que-

1318 2023 1565 2061 madmodum
1597 2035 1669 2060 non
1697 2031 1791 2059 esset
1819 2021 1924 2060 Deus
1953 2023 2192 2069 immensus,
2231 2023 2262 2060 si
2292 2021 2436 2074 aliquis

1319 2076 1379 2114 vel
1408 2077 1565 2127 exiguus
1595 2075 1700 2113 locus
1728 2083 1849 2124 esset,
1896 2088 2013 2128 quem
2043 2076 2122 2127 ipse
2151 2087 2229 2113 non
2270 2088 2439 2127 occupa-

1318 2139 1400 2174 ret3
1431 2142 1503 2167 non
1532 2141 1621 2180 ergo
1649 2127 1721 2166 ἃς.

1374 2183 1438 2222 55.
1471 2181 1581 2233 Resp.
1613 2181 1708 2219 Dist.
1738 2189 1814 2219 anit.
1842 2180 1949 2220 Esset
1977 2180 2120 2232 aliquis
2148 2180 2332 2218 existendi
2351 2193 2437 2218 mo-

1320 2237 1415 2284 dus,
1457 2236 1525 2287 qui
1553 2234 1638 2272 Deo
1666 2247 1738 2272 nou
1766 2236 1983 2273 conveniret
1999 2233 2268 2285 formaliter,
2317 2246 2431 2272 conc.

1321 2290 1537 2329 virtualiter
1565 2289 1615 2328 <9⁴
1643 2290 1894 2335 eminenter,
1924 2301 2046 2339 nego,
2076 2296 2117 2324 ut
2138 2299 2226 2324 mox
2255 2285 2436 2325 observa-

1324 2352 1405 2380 tum
1435 2351 1513 2380 est.
1556 2342 1598 2379 Id
1628 2349 1746 2392 potest
1775 2354 1818 2377 eo
1847 2341 1928 2392 ipso
1957 2340 2223 2378 immensitatis
2260 2339 2440 2392 exemplo

1323 2396 1539 2443 declarari,
1571 2394 1671 2446 quod
1701 2392 1809 2431 nobis
1837 2393 2032 2444 objectum
2062 2402 2113 2431 est
2133 2418 2144 2429 .
2174 2392 2435 2440 Quemadmo-

1322 2449 1416 2487 dum
1445 2449 1550 2487 euim
1580 2448 1816 2485 immensitas
1846 2446 1945 2494 Dei,
1992 2461 2069 2499 qua
2098 2454 2150 2483 est
2179 2447 2220 2483 in
2256 2446 2436 2484 omuibu-

1323 2501 1443 2550 locis,
1474 2514 1546 2539 non
1576 2500 1763 2551 impedit,
1793 2501 1889 2552 quin
1910 2498 1998 2536 aliae
2028 2512 2182 2551 quoque
2212 2512 2268 2536 res
2298 2510 2437 2551 corpo-

1322 2569 1397 2594 reae
1417 2585 1427 2604 ,
1475 2554 1508 2592 δε
1539 2555 1774 2606 incorporeae
1804 2555 1844 2591 in
1871 2550 2008 2591 iisdem
2035 2552 2128 2589 locis
2158 2552 2403 2592 inveniantur
2423 2581 2436 2602 ,

2350 2618 2383 2642 1-

1328 2739 1441 2784 inquit
1459 2760 1469 2778 ,
1504 2745 1557 2770 est
1582 2737 1705 2779 absque
1729 2736 1935 2776 additione,
1969 2748 2035 2768 non
2060 2736 2165 2768 solum
2200 2737 2438 2779 cogitatione,

1331 2788 1392 2819 sest
1417 2789 1518 2817 etium
1545 2787 1580 2815 in
1606 2795 1714 2814 rerum
1739 2790 1860 2815 natura
1878 2796 1892 2819 ;
1929 2785 1969 2815 (Τ
1996 2795 2060 2815 non
2087 2783 2192 2814 solnm
2228 2782 2350 2824 absque
2374 2782 2440 2814 ad-

1330 2835 1464 2865 ditione
1484 2851 1494 2869 ,
1534 2830 1596 2861 sed
1621 2832 1724 2861 etiam
1761 2830 1883 2872 ubsque
1909 2830 2178 2872 receptibilitate
2215 2829 2439 2861 additionis,

1331 2878 1428 2911 Unde
1455 2890 1496 2910 ea:
1523 2876 1586 2908 hoc
1612 2879 1712 2919 ipso,
1751 2876 1837 2918 quod
1860 2876 2073 2909 additionem
2097 2887 2162 2907 non
2188 2876 2314 2916 recipit
2333 2895 2344 2913 2
2375 2885 2440 2906 nec

1332 2929 1483 2966 recipere
1507 2930 1643 2966 potest,
1666 2926 1775 2965 magis
1800 2923 1959 2955 concludi
1983 2929 2123 2967 potest,
2147 2921 2235 2963 qnod
2252 2919 2349 2952 Deus
2375 2932 2442 2952 non

1333 2976 1381 3004 sit
1405 2983 1482 3003 esse
1506 2980 1672 3001 cornnnzne
1692 2989 1702 3008 ‚
1728 2970 1789 3001 sed
1811 2972 2005 3012 proprium.
2043 2966 2181 3000 Etenim
2206 2978 2248 2998 ex
2275 2967 2338 2998 hoc
2363 2970 2440 3009 ipso

1334 3030 1422 3050 snum
1451 3029 1528 3049 esse
1553 3015 1593 3048 ab
1616 3015 1764 3048 omnibns
1791 3017 1876 3048 aliis
1902 3015 2131 3057 distinguitur
2150 3033 2160 3051 ‚
2185 3015 2261 3055 quia
2287 3013 2378 3046 nihil
2403 3015 2439 3045 ei

1333 3066 1417 3097 addi
1442 3069 1556 3106 potest
1577 3084 1585 3091 -
1612 3059 1710 3093 Unde
1736 3061 1984 3094 Commentator
2010 3065 2044 3093 in
2070 3059 2145 3092 Lib.
2170 3060 2213 3091 de
2239 3063 2354 3091 causis
2380 3061 2439 3092 di-

1326 3115 1377 3143 cit
1400 3111 1487 3154 ‹Jnod
1511 3120 1612 3141 causa
1635 3112 1742 3151 prima
1769 3120 1810 3140 ex
1837 3110 1912 3149 ipsa
1935 3110 2084 3151 puritate
2111 3118 2172 3137 stiae
2198 3106 2368 3138 bonitatis
2394 3106 2436 3138 ab

1327 3159 1412 3190 aliis
1445 3158 1699 3199 distinguitur.
1741 3153 1878 3197 Quibus
1915 3153 2031 3187 verbis
2065 3153 2176 3194 magis
2213 3149 2438 3191 declaratur,

1334 3204 1448 3236 Deum
1483 3214 1556 3235 esse
1583 3201 1783 3241 infinitum,
1826 3211 1895 3231 non
1932 3199 2176 3243 aggregatione
2203 3198 2352 3231 aliorum
2377 3209 2439 3230 en-

1331 3250 1421 3283 tium
1447 3249 1624 3283 finitorum
1640 3269 1651 3286 ,
1675 3246 1733 3279 sed
1758 3246 1909 3280 essentia
1933 3246 1976 3281 ab
2001 3246 2078 3280 aliis
2104 3244 2207 3279 rebus
2232 3245 2373 3280 omnino
2386 3241 2441 3276 di-

1332 3297 1460 3331 stincta
1476 3317 1487 3337 ,
1513 3298 1544 3329 &
1569 3294 1824 3340 perfectissima
1842 3314 1849 3323 .
