2577 3633
305 191 321 218 ι
337 180 387 230 76

239 267 332 307 quos
361 253 465 290 Deus
492 247 632 287 salvari
662 245 763 294 vult,
792 257 860 283 nec
887 255 984 280 unus
1013 243 1135 292 reipsa
1164 241 1347 281 salvetur.

294 307 359 355 57.
390 304 502 354 Resp.
532 301 602 338 hoc
632 308 922 351 argumentum,
958 295 1061 346 quod
1098 297 1226 345 magui
1257 295 1348 348 facit

235 357 486 402 Catharinus,
515 368 591 392 esse
621 353 780 390 omnino
808 349 916 388 futile
935 373 945 385 .
1000 347 1127 395 Deus,
1167 357 1204 384 ut
1232 361 1346 399 supra

234 419 423 448 ostensum
452 409 552 455 fuit,
582 406 663 445 vult
692 405 861 442 homines
877 414 950 439 non
979 401 1258 454 praedestinatos
1273 401 1346 438 sal-

235 477 301 502 vos
328 463 412 501 fieri
429 490 440 509 ,
470 459 662 499 voluntate
678 456 917 496 antecedente
934 483 944 501 ,
973 466 1046 490 non
1074 463 1343 505 consequente3

236 517 271 552 δε
311 513 635 567 quemadmodum
678 510 847 549 voluntas
886 520 1117 558 consequens
1147 521 1343 559 nunquam

234 568 373 606 effectu
388 580 454 605 suo
484 569 682 604 frustratur
698 593 708 611 ,
740 565 790 599 ita
806 559 978 598 voluutas
995 560 1215 598 antecedens
1245 573 1343 597 nuu-

235 636 354 673 quam
399 621 573 656 effectum
609 630 720 653 suum
751 614 932 662 sortitur,
980 612 1110 650 saltem
1154 614 1345 664 priucipa-

235 674 314 712 letn
333 705 343 721 ,
373 675 511 710 ratione
538 669 650 720 cujus
679 669 819 705 dicitur
848 666 1097 711 antecedens3
1134 667 1226 703 alias
1254 673 1345 702 esset

235 727 410 764 voluutas
438 737 695 774 consequens.
724 720 862 768 Deus,
891 720 1018 771 inquit
1045 719 1085 756 S.
1116 717 1281 755 Thomas
1311 718 1342 754 I.

235 779 277 816 P.
306 786 441 829 quaest.
465 777 527 814 25.
557 785 628 813 art.
646 776 683 820 4.
714 775 761 812 ad
791 774 828 812 5.
846 803 856 821 ,
894 773 970 810 vult
997 785 1137 808 omnes
1167 771 1342 808 homines

238 831 367 868 salros
383 830 483 883 fieri
508 826 796 866 antecedenter
825 830 840 877 (
866 825 970 876 quod
999 838 1079 862 non
1109 834 1167 861 est
1196 825 1342 873 simpli-

231 888 331 921 citer
350 883 446 921 velle
462 913 473 931 ,
503 882 570 920 sed
586 880 806 919 secundum
822 878 942 929 quid)
963 908 974 927 ,
1003 890 1083 915 non
1097 880 1235 916 autem
1249 890 1342 915 con-

232 946 466 990 sequenter,
495 935 598 988 quod
625 943 685 973 est
711 933 943 985 simpliciter
970 932 1086 970 selle.

578 1038 859 1078 CAPUT
931 1037 998 1076 111.

313 1147 378 1187 De
411 1147 552 1186 causis
580 1145 938 1197 proeclestz'natt'onis
967 1143 1136 1181 homin-is
1165 1143 1265 1193 lapsi

643 1198 699 1236 acl
723 1199 897 1250 gloriam
914 1223 925 1235 .

287 1307 351 1345 58.
370 1284 580 1357 Origenes
597 1334 607 1352 ,
636 1302 929 1354 Pelagianorum
960 1302 1206 1354 prodromus,
1236 1310 1277 1339 ut
1297 1301 1338 1340 S.

232 1358 401 1396 'Thomas
431 1360 544 1396 refert
574 1359 604 1394 Ι.
624 1356 665 1393 P.
695 1365 830 1406 quaest.
855 1356 918 1393 23.
949 1364 1018 1392 art.
1043 1356 1079 1392 5.
1107 1357 1254 1392 animas
1274 1354 1339 1390 ho-

229 1412 382 1448 minum
393 1441 403 1458 ,
426 1412 650 1461 priusquam
666 1407 890 1459 corporibus
906 1408 1198 1444 immitterentur
1210 1436 1219 1453 ,
1242 1420 1340 1457 pree-

227 1464 391 1500 extitisse
419 1463 649 1509 somni-avit,
680 1459 714 1494 8(
742 1473 812 1510 pro
840 1461 1009 1505 meritis,
1048 1460 1086 1495 in
1115 1460 1337 1496 commenti—

227 1517 281 1565 tio
309 1515 377 1552 illo
419 1524 512 1552 statu
542 1515 797 1565 comparatis,
847 1512 958 1549 fuisse
989 1511 1048 1548 vel
1091 1511 1136 1548 ad
1174 1510 1337 1561 gloriam

228 1569 536 1620 praedestinatas,
566 1566 626 1606 vel
642 1566 690 1604 ab
706 1579 749 1603 ea
763 1563 942 1615 rejectas.
972 1565 1079 1601 Hanc
1094 1565 1312 1614 opinionem
1325 1594 1335 1612 ,

227 1621 356 1659 subdit
371 1620 610 1672 Angelicus,
641 1619 807 1657 excludit
828 1617 1025 1669 Apostolus
1048 1617 1156 1654 Rom.
1179 1617 1248 1659 IX,
1276 1631 1335 1655 ιι.

225 1675 274 1711 de
303 1674 419 1712 Jacob
437 1704 447 1721 ,
478 1672 626 1710 &Esau
641 1673 794 1709 dicens:
824 1684 915 1708 cum
942 1670 1115 1707 nondum
1132 1669 1336 1721 rtatifuis—

226 1736 343 1775 sent,
389 1736 461 1763 <int
489 1725 637 1775 aliquid
665 1724 753 1761 boni
780 1728 978 1775 egissent,
1024 1731 1096 1759 aut
1126 1724 1253 1769 mali,
1297 1732 1336 1759 ut

226 1779 445 1816 secundum
475 1779 707 1815 eleccionem
747 1779 987 1824 propositum
1016 1774 1094 1811 Dei
1124 1784 1334 1822 maneret,

227 1844 310 1868 non
335 1845 391 1868 ex
419 1829 621 1880 operibus,
651 1827 721 1865 sed
749 1839 802 1865 ex
817 1836 980 1864 vocante
1009 1826 1156 1863 [lictum
1184 1835 1243 1862 est
1273 1831 1335 1875 ei,

229 1888 324 1936 quia„
354 1885 487 1935 major
516 1886 653 1920 serviet
684 1884 854 1918 minori.
1263 1888 1269 1891 Α

285 1937 349 1988 59.
380 1936 574 1987 Pelagiani
593 1964 602 1982 ,
632 1935 844 1985 quigratiae
875 1932 1131 1970 necessitatem
1160 1932 1209 1970 ad
1237 1931 1335 1969 bene

226 1990 465 2041 operandum
494 2001 568 2026 non
598 1986 867 2033 admittebant,
915 1999 976 2023 eos
1005 1985 1051 2022 ad
1082 1987 1198 2023 vitam
1229 1993 1335 2022 aeter-

228 2056 318 2079 nam
341 2042 604 2093 ‘praedestinari
634 2039 838 2085 dicebant,
868 2051 962 2088 quos
991 2037 1095 2074 Deus
1124 2037 1247 2074 libero
1276 2051 1335 2074 ar-

228 2094 343 2132 bitrio
372 2095 466 2132 bene
496 2105 626 2130 usuros
654 2091 857 2143 praevidit.
903 2090 1009 2127 Unde
1038 2091 1160 2140 potius
1189 2089 1335 2128 salvan-

225 2147 361 2184 dorum
394 2146 672 2198 praescientiam
690 2174 700 2192 ,
743 2157 861 2194 quam
891 2144 970 2181 veri
1001 2144 1161 2180 nominis
1189 2143 1335 2194 praede-

225 2201 489 2247 stinationem,
519 2199 558 2235 in
589 2198 670 2235 Deo
700 2209 835 2248 ponere
863 2195 1215 2234 convincebantur.

281 2253 347 2297 40.
376 2253 488 2298 Quod
517 2252 630 2289 etiam
660 2250 864 2287 dicendum
908 2257 960 2286 est
988 2249 1034 2286 de
1063 2248 1335 2301 Semipelagia·

226 2307 308 2343 nis:
344 2319 563 2357 quanquam
593 2304 696 2341 enim
727 2301 898 2354 aliquam
929 2302 1001 2340 Dei
1030 2304 1191 2351 gratiam
1221 2315 1333 2354 agno-

226 2368 389 2406 scerent,
420 2373 441 2396 a
469 2367 562 2395 nutu
579 2365 715 2395 nostrae
739 2355 942 2393 voluntatis
963 2354 1192 2405 pendulam,
1222 2364 1334 2406 atque

226 2414 340 2449 etiam
371 2424 508 2449 nomen
536 2413 746 2462 propositi,
776 2418 840 2446 aut
860 2409 1194 2460 praedestinationis
1226 2422 1333 2445 usur-

227 2473 384 2517 parent,
427 2477 557 2502 veram
586 2473 712 2501 tamen
730 2492 740 2510 ,
783 2461 817 2497 ἃ
847 2460 1060 2499 absolutam
1090 2461 1332 2513 praedestina-

227 2519 368 2556 tionem
384 2531 459 2555 non
476 2529 672 2567 agnoscere
689 2514 1032 2562 convincebantur,
1061 2515 1151 2566 quia
1168 2513 1336 2564 ejusdem

228 2585 380 2608 causam
411 2571 587 2607 dicebant
615 2583 693 2606 esse
722 2569 857 2606 merita
886 2584 908 2605 a
937 2568 1019 2605 Deo
1047 2567 1117 2604 sub
1147 2567 1336 2605 inefficaci

229 2624 369 2660 divinae
405 2626 538 2673 gratiae
581 2621 768 2672 adjutorio
809 2622 974 2672 praevisa
1005 2622 1019 2671 (
1050 2619 1140 2657 Vid.
1179 2634 1263 2671 sup.
1293 2635 1333 2658 n.

235 2676 295 2713 15.
326 2676 368 2723 ).
418 2676 527 2713 Unde
555 2677 670 2714 etiam
699 2673 1025 2726 consequebatur,
1054 2673 1180 2711 Deum
1209 2674 1334 2724 potius

228 2730 434 2780 praescire,
464 2743 579 2779 quam
610 2728 881 2779 praedestinare
911 2726 1105 2765 salvandos
1123 2752 1134 2763 .

282 2781 348 2826 41.
378 2782 474 2817 Cuni
518 2795 605 2819 vero
634 2797 655 2818 a
684 2780 724 2818 S.
755 2782 964 2830 Augustino
1005 2781 1147 2816 fortiter
1185 2792 1333 2830 preme-

228 2842 357 2871 rentur
386 2834 562 2885 exemplo
603 2832 850 2884 parvulorum
869 2863 879 2880 ,
927 2842 1011 2870 ante
1042 2833 1193 2870 rationis
1223 2846 1333 2869 usum

229 2888 473 2924 morientium
491 2917 501 2934 ,
531 2900 694 2938 quorum
716 2896 813 2924 certe
842 2886 940 2923 bona
960 2916 969 2934 ,
999 2886 1060 2923 vel
1089 2885 1191 2923 mala
1219 2898 1334 2936 opera

230 2939 334 2977 Deus
363 2940 572 2991 praevidere
591 2954 667 2977 non
695 2941 841 2990 potuit,
871 2948 961 2976 tunc
983 2938 1080 2976 illud
1110 2939 1334 2977 absurdissi-

230 3004 338 3029 mum
366 2994 567 3030 commenti
588 2987 707 3039 sunt,
755 3006 885 3029 eorum
915 2993 1100 3044 quosdam
1144 2992 1257 3029 fuisse
1287 2991 1334 3028 ad

231 3043 493 3094 baptismum,
540 3046 572 3080 8<
603 3047 649 3083 ad
678 3047 794 3083 vitam
835 3055 1013 3083 aeternam
1055 3045 1334 3093 praedesiinatos

231 3096 372 3134 intuitu
389 3101 607 3136 meritorum
626 3129 636 3145 ,
666 3113 752 3150 quae
784 3100 855 3136 sibi
873 3099 1021 3136 eosdem
1038 3097 1215 3150 parvulos
1230 3111 1331 3134 cotn-

231 3158 425 3200 paraturos
447 3151 548 3188 Deus
576 3153 778 3203 praevidit,
807 3152 837 3189 si
867 3152 914 3189 ad
942 3152 1110 3191 adultam
1140 3151 1332 3203 pervenis-

274 3310 322 3345 (α)
351 3306 470 3339 Videri
509 3316 619 3351 potest
647 3310 785 3342 Motinae
824 3311 994 3344 sententia
1029 3311 1134 3344 latius
1160 3310 1331 3355 explicata

235 3364 254 3386 :2
279 3353 313 3385 1¹.
340 3352 557 3388 Ferdinando
588 3353 629 3387 de
653 3354 792 3389 manda
828 3357 862 3388 in
888 3359 1095 3401 Congregat.
1129 3357 1169 3390 de
1205 3356 1332 3399 divinis

991 160 1394 207 DISSERTATIO
1433 159 1513 204 VI.
1565 157 1692 202 CAP.
1724 156 1801 199 III.

1415 248 1499 277 sent
1526 247 1697 282 attatem3
1744 244 1887 274 ceteros
1914 245 2038 275 autem
2069 236 2146 276 sine
2170 234 2364 291 baptismo
2392 238 2525 287 mori,

1414 301 1454 329 ut
1482 305 1641 343 poenain
1670 302 1801 326 eorum
1819 289 2027 327 criminum
2055 289 2226 340 luerent,
2256 293 2398 343 inquae
2420 291 2525 329 Deus

1414 358 1475 381 eos
1504 343 1741 396 prolapsuros
1771 342 1892 390 vidit,
1921 342 1952 378 si
1973 343 2126 381 rationis
2157 358 2266 381 usum
2295 344 2526 395 attigissent.

1415 398 1514 435 Hinc
1563 397 1671 446 origo
1718 407 1850 432 eorum
1894 394 2114 431 futurorum
2155 398 2494 435 conditionatorum
2511 425 2524 446 ,

1413 462 1576 502 quorum
1605 447 1772 485 conditio
1801 447 1974 499 ponenda
2002 460 2078 484 non
2107 455 2187 496 est,
2223 449 2269 485 de
2296 450 2436 501 quibus
2463 449 2521 487 la-

1415 513 1449 540 te
1477 503 1622 552 egimus
1651 500 1810 538 Dissert.
1831 499 1901 538 IV.
1931 499 1979 537 de
2010 499 2188 537 Scientia
2216 514 2252 537 c.
2272 502 2312 538 5.
2365 502 2436 541 His
2465 516 2523 540 er·-

1412 555 1562 592 roribus
1591 552 1877 605 explosis,vqui
1905 552 1955 590 ab
1984 552 2155 591 Ecclesia
2184 553 2388 606 proscripti
2415 564 2521 603 sunt,

1412 609 1583 659 sequitur
1600 636 1611 654 ,
1642 615 1681 643 ut
1710 607 1822 643 modo
1850 606 1894 644 de
1923 606 2166 658 opinionibus
2193 605 2410 644 scholarum
2437 607 2523 644 bre-

1413 661 1508 698 viter
1536 660 1709 697 dicamus
1727 686 1737 696 .
2088 692 2094 698 .

1464 712 1531 757 42.
1560 711 1784 750 Scltolastici
1813 711 1908 750 bene
1948 711 2225 761 observarunt,
2272 713 2520 765 praedestina-

1410 766 1550 803 tionem
1580 765 1650 802 sub
1680 764 1828 816 duplici
1857 773 2010 816 asp-ectu
2030 766 2259 810 considerari
2279 779 2419 818 posse,
2449 766 2521 803 sci-

1411 817 1499 856 licet
1529 817 1767 870 adaequate,
1815 817 1874 855 vel
1904 819 2120 868 complete,
2167 819 2201 855 8c
2232 819 2487 870 inadoequate
2507 847 2520 866 ,

1408 885 1473 909 seu
1495 872 1756 923 incomplete.
1787 870 1917 908 Primo
1946 872 2058 908 modo
2086 871 2319 922 significatur
2348 872 2521 910 voluntas

1409 925 1482 963 Dei
1510 926 1625 962 dandi
1654 925 1771 962 sinml
1799 924 2007 975 gratiam&
2037 923 2219 975 gloriarm
2247 924 2280 960 ἃ
2309 923 2381 962 hoc
2409 938 2522 962 sensu

1406 991 1535 1015 omnes
1563 976 1751 1016 Catholici
1780 977 2029 1024 confitentur,
2070 978 2434 1028 praedestinationem
2464 990 2521 1013 es-

1405 1044 1441 1067 se
1470 1032 1673 1082 gratuitam
1691 1060 1701 1078 ,
1732 1030 1802 1067 hoc
1831 1039 1903 1077 est,
1931 1045 1954 1067 a
1983 1029 2060 1067 sola
2080 1030 2425 1068 beneficentissima
2445 1029 2520 1068 Dei

1403 1084 1599 1122 voluntate
1628 1084 1792 1135 pendere
1814 1112 1824 1130 ,
1854 1081 2080 1134 nullamque
2110 1084 2148 1119 in
2178 1083 2284 1120 nobis
2313 1097 2392 1131 esse
2419 1082 2519 1134 ejus-

1404 1137 1490 1173 dem
1522 1137 1861 1189 praedestinationis
1881 1149 2035 1173 causam
2053 1163 2063 1172 .
2094 1136 2196 1182 Quia
2224 1137 2371 1173 etiamsi
2402 1149 2520 1189 pone-

1407 1198 1533 1238 retur,
1564 1190 1689 1227 Deum
1706 1190 1857 1240 aliquos
1885 1189 1932 1227 ad
1948 1187 2109 1239 gloriam
2141 1189 2410 1239 praedestinare
2431 1201 2519 1241 pro-

1407 1251 1490 1294 pter
1519 1244 1653 1280 merita
1683 1243 1875 1294 praevisa,
1905 1255 1994 1278 cum
2017 1250 2142 1278 tamen
2173 1243 2255 1293 ipsa
2284 1243 2420 1280 merita
2447 1242 2520 1279 sint

1409 1308 1454 1331 ex
1482 1297 1604 1345 gratia
1620 1325 1630 1342 ,
1660 1296 1826 1345 adeoque
1843 1295 2004 1344 gratuita
2025 1294 2098 1330 Dei
2119 1294 2217 1331 dona
2233 1324 2242 1341 ,
2274 1295 2399 1333 adhuc
2420 1308 2519 1347 prae-

1408 1347 1609 1384 destinatio
1636 1347 1683 1383 ad
1712 1346 1876 1397 gloriam
1905 1355 1996 1382 esset
2026 1359 2128 1382 mere
2156 1349 2344 1396 gratuita.

1464 1399 1528 1443 45.
1559 1399 1804 1449 Inadaequate
1823 1405 1978 1445 autem,
2009 1397 2067 1435 vel
2099 1398 2327 1449 incomplete
2355 1399 2521 1437 sumitur

1405 1452 1687 1502 praedestinatio
1703 1481 1713 1498 ,
1743 1451 1894 1502 quando
1914 1450 2173 1488 consideratur
2189 1480 2200 1498 ,
2230 1458 2271 1487 ut
2300 1450 2420 1489 solam
2439 1451 2520 1503 glo-

1407 1505 1504 1540 riam
1548 1506 1779 1556 respiciens.
1827 1504 1875 1541 Et
1903 1504 1974 1542 sub
2003 1503 2074 1541 hac
2118 1517 2191 1540 una
2220 1505 2521 1560 consideratione

1406 1557 1744 1607 praedestinationis
1774 1557 2027 1609 inadaequatae
2045 1565 2125 1594 orta
2153 1565 2206 1594 est
2237 1556 2399 1601 celebris
2428 1571 2520 1596 con-

1405 1612 1582 1648 troversia
1601 1641 1611 1659 ,
1641 1624 1687 1648 an
1703 1612 1864 1662 gratuita
1893 1611 2057 1647 omnino‘
2072 1611 2118 1647 sit
2133 1639 2144 1658 ,
2173 1623 2222 1647 an
2244 1623 2333 1647 vero
2351 1623 2397 1648 ex
2417 1624 2519 1663 prae-

1403 1664 1548 1702 visione
1578 1665 1801 1701 meritorum
1831 1664 1931 1701 facta
1949 1690 1960 1701 .

1456 1717 1521 1761 44.
1551 1717 1600 1753 Et
1629 1718 1785 1768 quidem
1815 1718 2028 1754 communis
2056 1714 2149 1754 olim
2194 1716 2326 1768 opinio
2356 1715 2520 1760 Theolo-

1404 1781 1540 1817 gorum
1570 1778 1676 1815 erat,
1706 1769 1835 1806 Deam
1865 1780 1910 1805 ex
1939 1778 2117 1820 corrupta
2135 1799 2146 1816 ,
2175 1770 2431 1821 damnataque
2451 1769 2520 1806 lio-

1404 1821 1555 1856 minum
1585 1833 1709 1857 massa
1738 1819 1900 1856 voluisse
1929 1820 2079 1871 aliquos
2107 1834 2177 1871 pro
2205 1835 2284 1858 suae
2315 1823 2522 1861 voluntatis

1404 1871 1592 1909 beneficio
1620 1872 1783 1922 gratuita
1813 1871 1991 1909 electione
2020 1873 2211 1919 liberat-2²3
2259 1874 2402 1926 quibus
2431 1887 2521 1926 pro-

1404 1925 1490 1962 inde
1519 1939 1563 1962 ea
1592 1924 1854 1962 efficacissima
1884 1939 1963 1962 suae
1984 1927 2117 1976 gratiae
2148 1925 2292 1964 auxilia
2322 1940 2518 1978 praepara-

1399 1980 1479 2026 ¹vit,
1507 1978 1648 2030 quibus
1669 1976 1956 2026 infallibiliter,
1988 1991 2031 2014 ac
2061 1977 2176 2015 simul
2206 1978 2327 2016 libere
2354 1979 2519 2031 gloriam

1403 2040 1720 2083 consequerentur
1736 2038 1917 2068 aeternam
1935 2059 1946 2077 ,
1976 2030 2062 2068 aliis
2084 2032 2123 2068 in
2139 2033 2343 2084 promerita
2357 2034 2519 2071 damna-

1404 2086 1504 2121 tione
1532 2085 1628 2135 J'uste
1651 2082 1872 2121 derelictis.
1903 2083 2004 2120 Huic
2034 2093 2203 2122 veterum
2233 2087 2406 2123 omnium
2434 2100 2518 2124 sen-

1404 2139 1529 2174 tentiae
1560 2146 1633 2174 tota
1662 2135 1801 2175 Schola
1821 2135 2057 2174 Thomistica
2086 2137 2338 2174 immobiliter
2365 2152 2518 2191 semper

1403 2189 1586 2228 adhaesit.
1616 2190 1748 2241 Neque
1777 2190 1942 2228 dissentit
1961 2188 2099 2227 Schola
2117 2190 2411 2240 Augustiniana,
2441 2191 2517 2228 sal-

1404 2251 1481 2281 tem
1510 2257 1602 2282 cum
1632 2256 1754 2281 serino
1794 2251 1848 2281 est
1877 2243 1922 2280 de
1952 2242 2282 2294 praedestinatione
2311 2242 2516 2282 hominum

1401 2296 1441 2346 in
1469 2305 1565 2334 statu
1593 2305 1739 2335 naturae
1767 2295 1883 2348 lapsae
1902 2322 1913 2333 .
1969 2295 2071 2333 Nam
2106 2296 2151 2332 de
2181 2295 2358 2347 Angelis,
2407 2295 2441 2332 ἃ
2470 2296 2521 2334 de

1403 2357 1499 2387 statu
1531 2360 1676 2388 naturae
1705 2351 1860 2402 integrae
1890 2348 2008 2387 aliam
2037 2361 2112 2386 esse
2142 2349 2354 2398 rationem,
2401 2350 2516 2387 modo

1403 2405 1592 2441 contendit
1607 2429 1619 2441 .

1455 2457 1522 2502 45.
1553 2456 1626 2494 Sed
1655 2455 1797 2494 saeculo
1825 2454 1934 2495 XVI.
1963 2456 2011 2494 ad
2053 2469 2231 2495 oceasum
2270 2464 2442 2507 vergente
2471 2455 2516 2495 P.

1402 2508 1503 2548 Lud.
1525 2508 1702 2558 Molina,
1733 2511 2005 2548 novorinvecto
2024 2518 2224 2562 systemate
2252 2511 2382 2561 gratiae
2413 2510 2515 2561 divi-

1402 2576 1463 2601 nae
1493 2562 1609 2601 simul
1625 2577 1715 2600 cum
1736 2561 1902 2601 humana
1932 2562 2106 2601 libertate
2122 2562 2396 2610 conciliandae,
2426 2576 2512 2614 gra-

1402 2618 1537 2655 tuitam
1566 2615 1765 2654 homiuum
1788 2617 2160 2668 praedestinationem
2191 2617 2238 2654 ad
2265 2615 2426 2666 gloriam
2445 2628 2515 2666 op-

1402 2683 1572 2720 pugnare
1602 2683 1796 2721 aggressus
1824 2678 1902 2707 est.
1946 2669 2073 2706 Deum
2104 2681 2273 2719 namque
2303 2682 2374 2705 non
2404 2667 2514 2706 aliter

1404 2722 1576 2761 homines
1605 2725 1652 2762 ad
1680 2722 1843 2774 gloriam
1873 2722 2157 2774 praedestinasse
2193 2721 2346 2769 docuit,
2393 2734 2514 2773 quam

1401 2776 1538 2814 iutuitu
1570 2778 1792 2814 meritorum
1822 2775 1902 2827 jam
1933 2776 2182 2825 praevisorum
2201 2804 2211 2822 ,
2260 2788 2323 2811 seu
2362 2782 2401 2810 ut
2431 2774 2517 2823 ipse

1401 2826 1568 2880 loquitur
1615 2831 1629 2880 (
1659 2831 1699 2867 in
1734 2828 1956 2867 Concordia
1997 2837 2131 2880 quaest.
2155 2828 2218 2866 23.
2248 2835 2317 2863 art.
2338 2826 2376 2873 4.
2407 2825 2440 2860 8(
2472 2826 2511 2864 5.

1402 2880 1498 2932 disp.
1527 2896 1558 2919 1.
1590 2883 1755 2920 membr.
1791 2897 1850 2920 11.
1895 2883 1909 2931 )
1957 2881 2174 2919 secundum
2212 2882 2510 2929 proescz'entiam

1402 2931 1490 2970 boui
1518 2949 1609 2972 usus
1638 2935 1745 2973 liberi·
1774 2936 1924 2973 arbitrii·
1954 2936 2017 2987 (a)
2035 2961 2046 2972 .
2233 2945 2240 2952 '

1455 2987 1519 3032 46.
1550 2990 1633 3026 Non
1663 3003 1794 3027 onmes
1822 2999 1973 3035 tamen,
2003 2988 2069 3038 qui
2089 2984 2252 3023 Molinae
2281 2993 2443 3038 systema
2462 2984 2511 3024 de

1401 3041 1553 3078 scientia
1573 3043 1699 3080 media
1716 3073 1726 3089 ,
1757 3042 1790 3078 8(
1807 3044 1926 3093 gratia
1948 3038 2112 3078 versatili
2128 3038 2296 3090 amplexi
2315 3048 2398 3075 sunt
2413 3068 2423 3086 ,
2453 3039 2507 3075 ei-

1400 3095 1485 3129 dem
1515 3097 1627 3131 etiam
1660 3095 1929 3140 subscribunt,
1971 3105 2059 3128 Cum
2090 3094 2211 3142 agitur
2239 3093 2286 3129 de
2313 3092 2509 3144 praedesti-

1631 3148 1731 3185 Nam
1762 3146 2017 3185 bellarminus
2046 3144 2211 3194 Suarez,
2259 3144 2405 3197 aliique
2434 3157 2508 3182 non

2357 3211 2452 3250 pau—

1400 3149 1547 3184 natione
1564 3174 1574 3186 .

2549 3215 2551 3244 l

2548 3246 2550 3288 l

1401 3308 1541 3340 auxiliis
1570 3306 1661 3352 apud
1689 3309 1794 3352 Sex-ry
1820 3307 1897 3340 Lib.
1917 3306 1976 3341 lll.
1995 3307 2092 3341 Hisc.
2125 3304 2327 3340 earumdem
2351 3305 2504 3346 Congre-
2545 3296 2548 3331 l

1399 3363 1466 3399 gat.
1497 3365 1570 3398 cap.
1597 3355 1653 3397 41.

2543 3349 2546 3391 l

2542 3395 2544 3427 l

2540 3451 2542 3479 l
