2577 3633
686 108 768 154 DE
801 104 1075 153 VOLUNT.
1108 99 1211 154 DEI¹
1246 106 1420 153 SALV.
1456 105 1769 154 HOMINES.

12 206 108 236 vare
135 206 216 234 non
244 196 436 231 connotat
463 187 634 227 salutem
652 219 663 238 ,
699 189 769 228 sed
784 187 1123 228 ordinabilitatem

12 250 68 288 ad
95 244 286 289 saluiem.
319 245 418 283 Hinc
438 243 619 291 infertur,
650 242 882 282 voluntatem
903 243 1123 282 anteceden-

14 314 91 342 tem
118 314 192 339 esse
220 300 378 353 quidem
407 296 644 336 inefficacem
662 327 673 344 ,
707 305 894 350 quantum
923 296 971 335 ad
1000 297 1123 348 ipsam

14 355 172 395 salutem
191 384 202 403 ‚
232 367 310 392 esse
339 362 465 391 tamen
495 363 562 388 suo
591 351 703 388 modo
731 350 925 389 efficacem
942 380 953 398 ‚
1000 364 1124 404 quan-

14 418 94 448 tum
124 408 172 446 ad
201 407 376 445 ordinem
406 405 453 443 ad
474 402 635 442 salutem
653 434 664 452 ,
694 413 807 457 prout
826 417 870 441 ex
891 404 1032 442 sanctis
1045 403 1126 441 Do-

10 461 178 501 Ctoribus
210 458 416 514 Angelico,
459 457 493 495 &
521 457 732 510 Serapliico
768 456 1002 510 explicatum
1043 466 1122 507 est,

9 526 236 568 quanquam
265 522 434 565 respectu
466 510 572 550 illius
601 511 776 559 effectus,
807 512 875 564 qui
904 513 1029 563 reipsa
1056 511 1126 549 ob-

10 571 152 607 tinetur
168 598 178 616 ,
209 569 348 606 rectius
376 566 593 620 appellatur
612 577 880 618 consequens,
909 579 1028 618 quam
1049 577 1125 603 an-

9 622 195 660 teceJens
210 646 224 660 .

64 675 130 720 45.
161 676 346 713 Secundae
387 673 607 713 difficultati
646 673 843 726 respondet
883 671 925 710 S.
955 670 1126 711 Thomas

8 728 48 767 in
80 729 109 766 l.
139 730 224 767 dist.
255 728 321 774 46.
351 736 487 780 quaest.
523 741 556 765 1.
586 735 655 765 art.
691 740 725 764 1.
756 726 803 764 ad
835 739 894 773 2.,
931 725 1034 775 quod
1062 739 1124 763 ςὀ-

10 782 146 819 luntas
174 782 421 820 antecedens
448 789 574 831 potest
603 780 679 818 dici
708 779 1004 827 conditionata,
1048 793 1123 817 nec

7 844 152 874 tamen
181 845 238 873 est
268 834 516 888 imperfectio
545 847 598 871 ex
625 842 741 884 parte
783 832 992 869 voluntatis
1030 832 1123 870 clivi-

9 902 98 937 ποθ,
128 888 198 927 sed
226 903 279 928 ex
307 900 422 940 parte
450 889 573 936 soliti,
602 885 702 937 quod
717 896 795 922 non
817 889 1011 935 accipitur
1030 899 1123 925 cum

7 942 189 981 omnibus
216 945 555 988 circumstantiis,
603 952 692 989 quoe
722 941 938 991 exiguntur
978 939 1033 977 ati
1062 953 1123 979 re-

8 1005 116 1035 ctum
146 996 327 1034 ordinem
355 996 411 1033 ad
438 995 609 1031 salutem
632 1019 642 1030 .

60 1050 126 1096 44.
157 1050 273 1088 Nulla
302 1061 391 1085 vero
420 1055 536 1099 potest
567 1047 603 1083 in
624 1046 708 1083 Deo
735 1058 812 1084 esse
832 1045 1025 1095 turbatio,
1056 1056 1120 1086 aut

6 1103 203 1150 molestia,
250 1103 281 1139 si
312 1100 409 1139 illud
450 1112 525 1138 non
556 1099 647 1147 fiat,
695 1099 798 1151 quod
835 1099 1120 1139 antecedenter

6 1155 111 1203 vult,
141 1157 233 1208 quia
262 1153 436 1193 voluntas
466 1152 534 1191 illa
562 1166 637 1190 non
667 1153 838 1191 redditur
867 1153 1043 1192 inefficax
1073 1168 1118 1192 ex

3 1208 289 1260 impedimentis
317 1206 367 1246 ab
398 1207 530 1260 aliqua
560 1205 637 1244 alia
658 1219 774 1245 causa
794 1208 998 1259 appositis;
1029 1217 1120 1260 puta

3 1263 96 1314 quia
125 1261 298 1300 homines
327 1260 484 1308 nolunt,
514 1269 553 1297 ut
583 1259 705 1310 aliqui
735 1261 894 1309 dicunt,
936 1262 997 1299 sed
1027 1263 1120 1314 quia.

3 1316 86 1366 ipse
106 1315 213 1353 Deus
239 1327 284 1352 ex
314 1312 555 1353 inscrutabili
577 1313 811 1363 judiciorum
831 1325 986 1352 suorum
1009 1315 1122 1367 abys-

6 1381 48 1405 so
75 1377 360 1419 consequenter
376 1397 387 1416 ,
433 1367 485 1408 ὠ·
512 1365 733 1417 efficaciter
759 1379 837 1406 non
873 1366 954 1406 vult
997 1369 1123 1407 facere

4 1430 45 1459 ut
74 1420 250 1460 homines
277 1423 351 1474 ipsi
381 1420 527 1459 velint.

59 1475 125 1519 45.
157 1474 216 1513 Ad
245 1483 424 1528 quartum
443 1501 452 1513 .
489 1473 583 1511 Vult
611 1473 717 1512 Deus
745 1481 929 1512 aeternam
959 1473 1120 1512 salutem

3 1528 116 1566 nohis
145 1541 223 1567 esse
252 1527 497 1581 possibilem,
527 1527 561 1564 8:
591 1536 787 1578 propterea
808 1527 918 1565 nohis
932 1527 1036 1565 dedit
1057 1543 1120 1566 na-

3 1591 129 1620 turam
159 1582 372 1620 ordinatam
403 1582 449 1619 ad
478 1581 778 1627 beatitudinem,
811 1582 971 1618 instituit
991 1581 1119 1620 media

5 1643 83 1672 tam
113 1644 284 1684 naturae,
333 1648 449 1688 quam
479 1635 613 1685 gratiae
641 1634 688 1671 ad
731 1648 814 1671 eam
858 1636 1122 1684 promoventia

5 1692 20 1738 (
54 1687 143 1726 Vid.
158 1702 242 1740 sup.
272 1700 379 1726 num.
401 1688 466 1732 42.
498 1687 536 1734 ).
568 1686 634 1723 Est
663 1695 752 1736 ergo
778 1684 973 1735 objectum
1003 1687 1124 1736 ipsius

4 1739 210 1778 voluntatis
239 1740 341 1777 salus
369 1739 573 1776 hominum
603 1746 768 1783 aeterna,
787 1748 869 1775 rnon
900 1746 938 1773 ut
959 1737 1122 1788 possibi-

0 1791 50 1829 lis
79 1791 180 1840 sibi,
227 1792 330 1844 qnod
366 1791 417 1828 ab
445 1789 529 1842 ejus
566 1790 841 1841 omnipotentia
871 1789 951 1828 sola
978 1791 1120 1843 depen—

0 1845 88 1892 fiet,
119 1845 181 1882 sed
211 1853 251 1882 ut
281 1843 472 1897 possibilis
501 1843 612 1881 nohis
630 1872 641 1891 ,
671 1842 805 1881 saltem
834 1841 1012 1881 absolute
1030 1874 1040 1892 ‚
1083 1843 1118 1880 δε

1 1898 236 1937 considerata
264 1896 433 1951 generali
463 1897 700 1935 ordinatione
720 1895 923 1935 hominnm
952 1898 998 1935 ad
1013 1910 1118 1935 eam-

1 1952 116 1999 dem,
157 1952 259 2004 quod
290 1951 339 1990 ab
368 1950 450 2003 ejus
486 1951 761 2003 omnipotentia
798 1950 876 1989 sola
905 1951 1118 2003 dependet,

1 2005 64 2042 secl
96 2013 134 2043 ut
163 2004 355 2057 possibilis
375 2005 516 2052 nohis,
545 2004 678 2043 saltem
699 2003 902 2053 absolute,
932 2004 966 2040 8(
995 2005 1120 2043 consi-

0 2058 127 2096 derata
153 2058 324 2110 generali
351 2059 586 2096 ordinatione
615 2056 819 2103 hominum
839 2059 887 2097 ad
916 2059 1089 2097 eamdem
1107 2089 1118 2109 ,

0 2112 103 2163 quod
131 2112 181 2149 ab
209 2112 292 2164 ejus
322 2112 514 2151 voluntate
541 2111 755 2164 dependet.

57 2163 123 2210 46.
152 2165 229 2203 Ob.
258 2174 418 2217 quarto.
467 2164 611 2203 Saltem
654 2164 817 2217 intelligi
861 2178 932 2204 non
975 2174 1118 2218 potest,

5 2217 196 2267 quomodo
226 2218 327 2256 Deus
356 2217 446 2256 velit
475 2218 635 2257 salutem
665 2220 917 2272 parvulorum
935 2249 946 2267 ,
975 2220 1120 2272 quibus

2 2269 72 2308 illa
101 2283 168 2307 nec
196 2270 391 2322 possibilis
416 2280 494 2320 est,
524 2285 657 2310 eorum
688 2287 853 2324 nempe,
883 2272 1026 2326 quibus
1054 2273 1118 2310 de-

3 2323 228 2363 cedentibus
258 2325 295 2361 in
325 2332 432 2362 utero
472 2333 644 2365 materno
670 2326 909 2378 baptismum
951 2327 1119 2365 conferri

3 2389 80 2415 non
107 2386 253 2430 potest,
283 2377 443 2415 unicum
474 2391 541 2429 pro
570 2379 660 2431 ipsis
688 2379 821 2419 salutis
849 2380 1021 2418 medium
1040 2407 1051 2419 .

57 2430 124 2481 47.
155 2430 267 2484 Resp.
285 2460 295 2479 ,
323 2431 441 2469 etiarn
470 2443 602 2468 eorum
631 2432 790 2471 salutem
823 2435 902 2472 sine
932 2433 1023 2472 ullis
1043 2434 1117 2472 cir-

2 2485 241 2523 cumstantiis
270 2484 545 2523 consideratam
564 2513 574 2531 ,
603 2498 680 2522 esse
707 2500 730 2523 a
758 2487 840 2523 Deo
868 2486 1024 2525 volitam
1042 2517 1051 2534 ,
1083 2486 1117 2522 &

0 2537 217 2576 remedium
258 2551 387 2582 essee
413 2537 563 2575 Christo
592 2537 833 2587 institutum,
877 2541 992 2578 etiam
1030 2539 1116 2578 illo-

0 2603 87 2627 rum
121 2599 275 2642 peccato
302 2589 464 2629 delendo
499 2588 863 2630 sufficientissimum
880 2606 890 2638 ς
933 2594 997 2631 sed
1026 2606 1115 2632 con-

2 2653 200 2697 sequenter
229 2644 358 2683 Deum
389 2643 489 2682 nolle
518 2645 612 2697 ipsis
639 2643 710 2682 hoc
738 2647 951 2684 remedium
987 2646 1114 2699 appli-

1 2700 111 2746 cari,
157 2712 246 2736 cum
277 2698 364 2737 aliis
401 2697 531 2736 multis
572 2699 618 2736 de
646 2700 770 2737 causis
799 2699 910 2743 nobis
951 2701 1113 2751 ignotis,

2 2759 84 2789 tum
113 2752 230 2791 etiam
260 2761 302 2790 ut
345 2751 434 2791 hinc
462 2752 684 2805 gravitatem
714 2754 832 2806 primi
873 2756 1022 2808 peccati
1051 2767 1114 2794 co-

3 2817 225 2854 gnoscamus
241 2832 252 2845 .

58 2858 123 2903 48.
151 2859 228 2900 Ob,
258 2858 327 2898 ult.
356 2858 398 2897 Si
426 2859 530 2899 Deus
559 2859 643 2899 vult
669 2873 798 2900 omnes
840 2859 1011 2901 homines
1040 2862 1114 2901 sal-

3 2920 68 2946 vos
95 2910 206 2961 fieri,
234 2914 326 2967 quia
344 2943 356 2963 ,
385 2922 424 2952 ut
452 2915 620 2952 diximus
648 2928 737 2952 cum
766 2915 807 2954 S.
838 2914 988 2954 Thoma
1006 2946 1017 2964 ,
1047 2930 1113 2954 na-

5 2969 91 3022 tura
118 2963 284 3005 humana
313 2976 439 3006 creata
467 2977 520 3007 est
546 2977 699 3021 propter
720 2969 1015 3018 beatitudinem,
1045 2984 1112 3022 pa-

5 3027 40 3052 1‘1
69 3017 181 3054 modo
207 3019 285 3058 dici
325 3022 463 3073 poterit
492 3022 593 3061 velle
621 3024 735 3060 etiam
766 3021 924 3060 salutem
966 3024 1111 3061 daemo-

5 3081 122 3114 num3
164 3073 268 3123 atqui
295 3071 366 3112 hoc
395 3083 446 3114 est
475 3075 592 3130 plane
628 3077 844 3116 inauditum
862 3107 872 3126 ,
915 3076 949 3114 8<
978 3076 1112 3116 absur-

5 3122 125 3160 dum:
154 3136 242 3174 ergo
271 3124 340 3163 &c-

22 3228 29 3235 ,
58 3175 124 3227 49·
155 3175 268 3228 Resp.
297 3178 375 3217 dici
402 3183 557 3232 quidem
578 3197 710 3237 posse,
740 3183 868 3222 Deum
890 3182 1051 3222 voluisse
1072 3199 1112 3223 a-

2 3227 188 3282 liquando
216 3229 376 3269 salutem
412 3234 633 3275 daemonum
650 3269 661 3287 ,
705 3238 858 3290 quando
886 3251 1024 3291 nempe
1053 3251 1114 3277 eos

3 3284 145 3321 creavit
174 3293 328 3336 propter
356 3284 629 3328 beatitudinem
649 3322 660 3340 ,
690 3303 826 3344 eosque
846 3291 894 3329 ad
915 3293 1036 3343 ipsam
1055 3306 1115 3329 or-

5 3335 176 3379 dinavit:
206 3338 319 3377 modo
347 3347 474 3379 autem
501 3341 541 3380 id
568 3343 645 3383 dici
674 3358 744 3384 non
772 3358 901 3400 posse,
931 3359 1020 3387 cum
1040 3358 1114 3386 non

2170 113 2250 154 155

1191 188 1359 241 amplius
1387 191 1461 227 sint
1490 189 1536 228 ad
1565 187 1838 227 beatitudinem
1867 187 2051 236 ordinati3
2081 189 2182 243 quod
2201 191 2305 230 idem

1190 242 1237 280 de
1267 242 1351 280 aliis
1380 243 1568 282 damnatis
1596 241 1836 281 asserendum
1868 243 2041 282 videtur.

1248 297 1312 336 50.
1342 296 1503 348 Colliges
1533 309 1577 334 ex
1607 295 1784 334 hactenus
1811 295 1946 344 dictis,
1994 296 2123 350 aliquo
2159 298 2304 350 potiore

1191 362 1301 386 sensu
1330 363 1404 387 esse
1435 352 1473 387 in
1496 351 1577 388 Deo
1605 348 1879 387 admittendam
1901 349 2132 389 voluntatem
2154 351 2304 390 salvan·-

1191 402 1231 441 di
1261 413 1348 449 eos,
1378 405 1445 454 qui
1474 404 1520 441 ad
1551 403 1711 454 gratiam
1732 402 1997 454 baptismatiS,
2027 404 2145 453 fidei,
2174 404 2208 440 ἃ
2238 404 2298 456 ju-

1192 454 1428 493 stificationis
1446 486 1456 503 ,
1486 456 1567 494 Deo
1596 458 1648 494 sic
1679 455 1854 505 volente,
1886 457 2135 508 perveniunt,
2165 472 2303 510 quam-

1192 510 1250 547 vis
1278 509 1318 546 in
1347 518 1500 560 accepta
1530 508 1675 560 justitia
1701 522 1748 548 ex
1777 511 1946 563 propriae
1985 510 2188 550 voluntatis
2216 525 2304 563 per-

1191 562 1367 601 versitate
1396 575 1472 600 non
1500 572 1762 614 perseverent3
1804 578 1921 616 quam
1951 574 2083 602 eorum
2113 567 2302 616 perversi-

1192 624 1306 653 tatem
1336 615 1442 653 Deus
1471 628 1515 652 ex
1548 616 1785 654 immutabili
1815 618 2050 669 judiciorum
2079 630 2234 656 suorum
2264 634 2304 657 a-

1191 669 1306 722 bysso
1336 683 1402 707 nec
1435 669 1620 720 impedire
1638 700 1648 716 ,
1678 684 1746 709 nec
1767 673 1954 722 corrigere
1974 671 2180 710 efficaciter
2199 671 2305 711 vult·

1191 723 1340 761 Harum
1383 724 1484 759 enim
1513 724 1721 773 gratiarum
1766 723 1916 775 largitio
1944 725 2037 777 quid
2079 725 2184 763 aliud
2220 734 2305 775 est,

1191 788 1309 828 quam
1339 777 1490 828 signum
1510 776 1653 812 divinae
1670 775 1872 815 voluntatis
1892 791 1952 816 eos
1967 778 2164 818 salvandi?
2192 778 2307 827 Quod

1189 831 1304 868 etiam
1335 828 1553 867 Concilium
1582 828 1848 868 Tridentinum
1886 833 2012 869 statuit
2040 830 2139 870 Sess.
2168 831 2237 870 VI.
2267 846 2304 871 c-

1192 898 1229 935 7.
1260 884 1462 935 inquiens:
1487 881 1791 935 justificationis
1811 896 1938 922 causa
1955 885 2103 938 finalis
2132 893 2191 924 est
2218 886 2304 939 glo·

1192 940 1256 975 ria
1286 934 1390 985 Dei,
1421 949 1471 974 ac
1505 935 1667 983 Christi,
1698 949 1749 974 ac
1778 940 1856 974 vita,
1885 948 2068 977 aeterna.

1247 992 1310 1028 51.
1341 991 1388 1028 Et
1419 990 1502 1028 liaec
1531 990 1689 1042 quidem
1719 990 1765 1027 de
1794 990 1985 1042 generali,
2016 993 2050 1028 8t
2080 993 2303 1033 anteceden-

1188 1053 1223 1082 te
1252 1044 1442 1083 voluntate
1464 1044 1537 1081 Dei
1569 1043 1739 1082 salvandi
1758 1057 1887 1082 omnes
1915 1043 2107 1083 homines.
2138 1046 2304 1085 Verum-

1188 1106 1315 1136 tamen
1345 1112 1392 1136 ne
1421 1099 1507 1150 quis
1535 1110 1580 1135 ex
1611 1111 1653 1135 ea
1683 1099 1919 1135 occasionem
1940 1100 2098 1150 arripiat
2126 1101 2165 1138 in
2185 1113 2304 1152 oppo-

1188 1153 1300 1190 sitam
1323 1151 1567 1203 Pelagianam
1587 1181 1596 1198 ,
1627 1160 1691 1188 aut
1719 1150 2067 1204 Semipelagianaui
2097 1152 2274 1190 haeresim
2291 1183 2303 1202 ,

1189 1204 1249 1242 vel
1278 1206 1476 1258 opiniones
1507 1204 1742 1242 Molinianas
1769 1219 1881 1257 supra
1917 1206 2124 1257 descriptas
2165 1220 2206 1244 n.
2241 1220 2303 1244 ιο.

1188 1258 1221 1295 St
1251 1272 1329 1310 seq.
1361 1258 1594 1306 delabendi,
1642 1257 1841 1310 aliquanto
1870 1259 1992 1297 fusius
2033 1259 2304 1312 explicandum

1188 1313 1303 1350 modo
1330 1321 1383 1350 est
1400 1342 1410 1360 ,
1440 1326 1517 1364 quo
1544 1325 1652 1349 sensu
1681 1312 1817 1350 debeat
1843 1311 2059 1364 generalis,
2096 1313 2129 1349 ἃ
2159 1322 2305 1352 antece-

1188 1366 1278 1403 dens
1307 1364 1479 1403 voluntas
1506 1366 1546 1402 in
1566 1365 1650 1402 Deo
1677 1365 1845 1404 admitti:
1879 1365 2038 1404 Veritas
2067 1371 2176 1404 enim
2196 1370 2274 1404 ista
2292 1397 2304 1415 ,

1188 1423 1283 1469 qnia
1299 1417 1632 1469 fundamentalis
1653 1421 1772 1455 estin
1801 1418 1879 1456 hac
1899 1423 2076 1456 materia
2092 1449 2102 1466 ‚
2132 1419 2304 1469 proban-

1189 1470 1244 1509 (ῖιι
1285 1481 1344 1508 est
1372 1474 1563 1522 copiosius
1583 1501 1592 1517 ,
1643 1472 1769 1522 inquit
1799 1471 1969 1510 Thomas
1998 1473 2043 1509 de
2073 1472 2236 1520 Lemos,
2280 1488 2302 1512 a

1188 1523 1298 1575 cujus
1328 1525 1499 1563 doctrina
1527 1524 1636 1563 nobis
1665 1525 1899 1577 propositum
1928 1533 1981 1564 est
2009 1538 2084 1565 non
2106 1526 2302 1565 recedere.

1188 1578 1245 1618 Sit
1274 1578 1403 1630 itaque

1460 1681 1928 1722 PROPOSITIO
1984 1686 2034 1723 ΙΙ.

1187 1786 1301 1826 Deus
1328 1800 1410 1825 non
1439 1787 1515 1825 νυῖε
1544 1797 1739 1840 quantum
1769 1791 1808 1825 in
1837 1802 1880 1827 se
1909 1797 1993 1838 est,
2022 1789 2234 1841 <equaliter
2260 1803 2303 1828 o-

1241 1854 1356 1879 m-nes
1386 1840 1566 1879 homines
1594 1843 1723 1881 salvos
1748 1841 1877 1894 fieri,
1921 1842 1989 1881 sub
2018 1842 2093 1880 hac
2122 1852 2303 1883 tantum·

1240 1894 1358 1933 modo
1387 1894 1610 1933 conditione
1652 1897 1684 1934 si
1714 1897 1787 1948 ipsi
1816 1897 1961 1943 velint3
2009 1901 2067 1935 ita
2096 1906 2138 1934 ut
2178 1907 2306 1936 totum

1243 1948 1460 1987 discrimen
1490 1953 1593 1987 inter
1619 1949 1834 1988 salvandos
1851 1980 1861 1998 ,
1899 1950 1949 1992 ὠ
1977 1964 2059 1988 non
2088 1952 2304 1990 salvandos

1243 2007 1292 2039 sit
1322 2002 1372 2039 αῖ]
1402 2002 1609 2040 hominum
1638 2004 1838 2042 voluntate
1859 2034 1870 2052 ,
1907 2004 1956 2045 (θ’
1985 2018 2067 2042 non
2097 2019 2123 2043 a
2151 2009 2304 2059 gratui-

1226 2061 1288 2093 ‘ta
1315 2055 1397 2094 Det·
1424 2056 1699 2096 misericordia
1728 2057 1985 2108 repetendum
2008 2085 2018 2097 .

1244 2137 1463 2203 52.Hanc
1492 2162 1696 2215 capitalem
1740 2165 1936 2202 veritatem
1966 2166 2106 2217 saepius
2146 2165 2303 2205 demon-

1186 2217 1317 2254 stravit
1345 2215 1386 2254 S.
1417 2216 1647 2267 Augustinus
1676 2225 1804 2254 contra
1832 2217 2078 2269 Pelagianos,
2112 2218 2145 2255 ἃ
2175 2217 2313 2258 Sen'ni-'

1186 2268 1407 2321 pelagianos
1436 2270 1578 2307 invicto
1607 2268 1677 2308 illo
1697 2269 1949 2320 parvulorum
1969 2270 2170 2322 exemplo.
2200 2272 2300 2320 Quis

1185 2324 1288 2361 enim
1318 2322 1462 2375 fingere
1490 2324 1625 2375 possit,
1655 2322 1782 2361 Deum
1812 2322 1909 2360 velle
1940 2323 2139 2376 aequaliter
2166 2324 2311 2363 omnes

1186 2375 1366 2428 parvulos
1395 2376 1562 2424 salvari,
1592 2380 1624 2413 si
1653 2379 1724 2426 ipsi
1754 2377 1870 2414 velint
1892 2407 1901 2425 ,
1931 2390 2096 2428 quorum
2118 2378 2298 2417 nondum

1185 2440 1244 2468 est
1273 2431 1369 2469 velle
1391 2460 1402 2479 ,
1446 2431 1501 2468 vel
1531 2429 1667 2468 nolle?
1714 2429 1795 2468 Hoc
1825 2430 2000 2483 exemplo
2038 2431 2090 2469 ita
2118 2431 2159 2470 S.
2189 2431 2298 2470 Pater

1185 2493 1315 2522 contra
1344 2483 1544 2522 Julianum
1574 2482 1835 2534 triumphabat
1864 2484 1953 2522 Lib.
1975 2483 2042 2522 IV.
2073 2499 2160 2537 cap.
2189 2485 2228 2524 8.
2259 2500 2297 2525 n.

1183 2537 1274 2583 Aac.
1322 2537 1365 2576 Si
1394 2537 1505 2576 Deus
1535 2538 1609 2575 ναῖε
1638 2550 1778 2574 omnes
1806 2536 1989 2575 homines
2017 2538 2146 2576 salvos
2163 2538 2263 2592 fieri
2285 2570 2296 2588 ‚

1182 2592 1231 2631 (9¹
1261 2595 1301 2629 in
1332 2595 1581 2644 agnitionem
1611 2594 1784 2629 veritatis
1819 2595 1975 2639 Venire,
2013 2591 2082 2629 secl
2109 2591 2196 2630 ideo
2216 2605 2298 2630 non

1182 2649 1361 2694 veniunt,
1391 2649 1484 2696 quia
1513 2649 1584 2696 ipsi
1614 2644 1772 2692 nolunt,
1817 2657 1886 2686 cur
1913 2653 1969 2682 tot
1998 2645 2127 2684 millia
2154 2659 2297 2696 parvu-

1181 2698 1336 2748 lorum,
1367 2703 1430 2749 qui
1458 2712 1539 2735 non
1569 2706 1749 2748 percepto
1777 2696 2017 2748 baptismate
2045 2702 2295 2748 moriuntur,

1181 2766 1263 2790 non
1292 2757 1449 2791 veniunt
1477 2757 1518 2790 in
1547 2764 1715 2803 regnum
1735 2749 1839 2799 Dei,
1869 2751 1930 2790 ubi
1959 2761 2072 2791 certa
2101 2763 2158 2791 est
2178 2757 2295 2804 agni-

1179 2810 1234 2845 tio
1263 2810 1436 2845 veritatis
1453 2803 1476 2841 ?
1505 2802 1711 2857 ,Numquid
1739 2815 1808 2845 aut
1829 2805 2006 2844 homines
2029 2820 2108 2843 non
2136 2815 2228 2843 sunt
2250 2833 2292 2845 ...

1180 2869 1252 2898 aut
1279 2861 1422 2910 aliquis
1458 2863 1599 2909 poterit
1628 2857 1758 2896 dicere
1779 2872 1792 2895 .·
1841 2858 1952 2899 Deus
1980 2859 2137 2910 quidem
2183 2860 2260 2897 ναῖε
2280 2890 2292 2908 ,

1181 2913 1252 2952 5εῶ
1280 2917 1352 2962 ipsi
1380 2912 1517 2949 nolunt
1534 2941 1544 2959 ,
1574 2915 1637 2964 qui
1666 2911 1845 2951 nondum
1875 2913 1996 2961 velle,
2033 2926 2104 2950 seu
2131 2913 2236 2951 nolle
2264 2917 2294 2951 ι’-

1179 2976 1245 3005 sta
1272 2964 1501 3004 noverunt?
1530 2965 1612 3004 Hoc
1640 2975 1767 3004 autem
1796 2968 1919 3018 posito
1945 2966 2124 3018 exemplo
2151 2980 2294 3020 parvu-

1181 3021 1306 3059 lorum
1336 3019 1540 3071 colligebat
1569 3019 1699 3058 Sanct.
1721 3020 1982 3070 Augustinus,
2013 3018 2140 3058 Deum
2170 3020 2293 3058 multo

1180 3075 1309 3114 minus
1338 3072 1438 3111 velle
1466 3071 1586 3111 salvos
1616 3074 1740 3110 facere
1767 3081 1897 3110 omnes
1939 3082 2153 3125 peccatores
2182 3073 2293 3112 adul-

1180 3138 1260 3176 tos,
1289 3131 1322 3164 si
1351 3131 1423 3178 ipsi
1451 3126 1593 3170 velina·
1623 3125 1794 3178 alioquin
1824 3125 1892 3165 illa
1922 3124 2176 3167 intolerabilis
2194 3141 2293 3171 ¹con-

1182 3190 1396 3233 sequeretur
1426 3179 1659 3227 absurditas,
1706 3188 1747 3216 ιιε
1774 3178 1912 3221 Deum
1940 3178 2292 3221 benevolentiorem

1169 3235 1384 3289 jaciamus
1405 3232 1584 3272 omnibus
1602 3235 1846 3282 impiissimis
1861 3265 1872 3282 ,
1901 3234 1952 3275 Θ·
1972 3235 2289 3274 sceleratissimis
2320 3251 2324 3262 ,-

1182 3287 1425 3335 hominibus,
1455 3300 1580 3337 quam
1608 3291 1970 3337 innocentissimis,
1999 3288 2049 3329 &
2069 3289 2291 3339 purissimis

1182 3342 1235 3382 ab
1261 3345 1370 3381 omni
1400 3340 1486 3382 labe
1513 3344 1694 3393 pecca-ti,
1723 3342 1867 3382 scilicet
1896 3342 2082 3383 actualis.
2125 3339 2290 3396 Etrur-

2175 3405 2239 3433 sus
