2577 3633
271 79 287 108 s
295 63 352 108 &a

249 143 350 189 ⁴224.
379 138 630 180 communior·
669 145 796 176 tamen
827 137 902 176 fere
921 136 1054 189 *hujus
1097 138 1311 194 aenigmatis

202 195 403 249 explicatio
432 193 514 230 haec
542 201 621 230 est.
653 193 760 230 Actio
779 191 851 229 Dei
880 191 1001 229 libera
1029 189 1177 242 duplici
1197 191 1310 229 modo

201 246 428 287 considerari
457 254 600 297 potest3
629 259 767 296 nempe
797 244 857 282 vel
885 242 1081 290 absolute,
1110 242 1144 278 8(
1174 244 1213 281 in
1243 257 1278 283 se
1295 258 1306 291 ;

201 301 236 337 8c
265 309 378 348 tunc,
399 311 498 337 cum
527 297 632 336 nullo
662 298 774 336 modo
792 297 1034 348 distinguitur
1062 310 1084 333 a
1104 295 1212 345 Deo,
1241 310 1308 335 ne-

200 352 362 392 cessaria
391 361 469 400 est,
499 351 532 388 8(
561 351 840 394 immutabilis3
877 348 937 388 vel
969 349 1197 387 considerari
1218 359 1309 402 ,pot-

200 415 277 454 est,
326 414 366 443 ut
394 406 548 458 respicit
575 414 767 442 externum
797 412 919 453 opus,
962 411 1074 454 atque
1102 403 1150 440 ad
1176 403 1306 454 ipsum

198 459 400 511 dirigitur:
430 458 463 495 &
492 458 562 496 sub
594 457 662 494 lioc
692 456 869 507 adspectu
887 454 1019 493 eaden!
1049 455 1146 494 actio
1166 456 1237 494 Dei
1258 456 1307 494 li-

198 511 291 550 bera
320 520 400 560 est,
447 512 480 548 8(
510 508 734 556 mutabiiis,
775 517 962 560 quatenus
981 508 1070 560 ejus
1111 508 1303 561 objectum

197 566 415 616 contingens
442 572 523 610 est,
552 561 736 600 mutabile
767 561 798 597 8(
827 560 1018 608 tiber-tum
1053 563 1144 614 quia
1173 563 1305 600 volun-

198 626 264 655 tas
286 616 370 657 ,Det
399 631 478 655 ηοη
506 614 622 652 habet
648 618 924 652 necessariam
951 613 1220 653 habitudinem
1248 616 1304 653 ad

197 671 318 719 illuct,
362 679 402 708 ut
429 670 596 720 loquitur
617 666 665 705 S.
696 667 836 706 Tliom.
865 667 955 706 Lth.
984 669 1014 706 I.
1049 669 1156 706 cont.-
1187 670 1300 706 Gent.

196 737 280 775 cap.
311 723 376 761 85.
406 722 521 760 Actus
549 722 677 773 itaque
705 720 804 758 liber
831 720 929 760 nihil
954 724 1115 759 omnino
1136 722 1216 761 Deo
1235 723 1300 760 ad-

195 777 249 813 dit
277 776 546 823 intrinsecum,
589 775 809 812 distinctum
837 789 859 812 a
889 776 1115 820 uecessario3
1157 775 1220 812 sed
1248 784 1300 813 est

193 830 350 879 ipsemet
377 836 481 866 actus
519 829 778 876 necessarius,
827 836 938 880 prout
965 835 1090 866 tamen
1128 838 1299 866 connotat

192 890 409 930 creaturae,
447 881 495 919 ad
524 894 661 934 easque
689 882 783 919 dicit
811 879 1093 929 habitudinem,
1139 880 1172 917 8(
1201 881 1298 920 rela-

193 943 335 972 tionem
363 948 436 985 non
465 948 744 973 necessariam.
1071 938 1077 944 '

247 989 338 1026 225.
367 988 480 1035 Quod
507 997 634 1026 autem
663 989 765 1026 idem
793 995 896 1025 actus
915 987 958 1023 s&
979 986 1077 1025 liber
1097 986 1209 1025 simul
1231 988 1298 1035 sit,

195 1040 228 1076 8(
257 1041 512 1088 necessarius,
547 1043 668 1078 oritur
695 1054 740 1078 ex
769 1053 946 1088 summa,
984 1041 1018 1077 8(
1048 1041 1195 1079 infinita
1218 1039 1298 1079 'Dei

189 1096 424 1142 eminentia,
453 1093 487 1130 8(
512 1093 779 1146 simplicitate,
807 1093 856 1130 ob
883 1107 1002 1145 quam
1030 1105 1074 1132 ea
1090 1092 1298 1146 simplicis-

190 1149 288 1185 simo
316 1148 428 1186 modo
455 1148 699 1185 inveniuntur
727 1148 767 1184 in
797 1146 879 1184 Deo
897 1177 906 1195 ,
949 1160 1037 1199 quae
1066 1155 1147 1185 sunt
1175 1145 1298 1185 divisa

191 1201 233 1237 in
264 1202 471 1238 creaturis.
513 1200 563 1237 Et
591 1201 687 1238 sicut
714 1200 847 1237 eadem
875 1200 1006 1239 divina
1033 1201 1189 1238 essentia
1217 1208 1298 1252 pot-

180 1262 244 1290 est
272 1268 349 1291 esse
378 1254 411 1289 8(
439 1252 772 1303 communicabilis
787 1282 808 1300 ,,
826 1261 1010 1304 quatenus
1039 1262 1091 1290 est
1119 1255 1296 1301 essentia,

191 1303 225 1342 8(
254 1305 625 1344 incommunicabilis
642 1335 652 1354 ,
682 1314 794 1357 prout
821 1314 873 1342 est
893 1307 1120 1356 pater-nitas3
1150 1308 1200 1343 ita
1220 1319 1296 1343 non

191 1368 404 1409 repugnat,
437 1358 611 1395 eumdem
641 1366 769 1395 actum
797 1358 946 1395 diversa
986 1359 1135 1395 ratio-ne
1177 1360 1297 1396 consi-2

188 1410 388 1458 demtum,
418 1411 669 1448 necessarium
699 1423 801 1456 esse,
843 1410 877 1445 &
909 1409 1101 1455 liberum3
1130 1423 1298 1448 necessa-

187 1464 290 1500 rium
307 1493 318 1511 ,
347 1472 458 1515 prout
486 1464 648 1500 refertur
675 1462 722 1500 ad
752 1461 906 1507 Deum3
950 1461 1116 1500 liberum
1135 1492 1146 1510 ,
1184 1471 1298 1513 prout

188 1524 361 1554 connotat
388 1524 579 1554 creaturas
609 1515 672 1566 (a)
692 1541 702 1552 .
731 1514 908 1552 Ceterum
927 1545 938 1564 ‚
977 1525 1017 1552 ut
1045 1515 1142 1553 bene
1170 1516 1299 1554 obser-

188 1577 250 1606 vat
278 1569 318 1608 S.
349 1568 518 1607 Thomas
538 1569 567 1606 Ι.
597 1582 632 1606 c.
661 1567 956 1606 immutabilitas
975 1567 1049 1607 Dei
1078 1582 1150 1607 non
1179 1567 1298 1608 aliam

186 1622 301 1659 infert
329 1622 583 1661 necessitatem
601 1652 612 1670 ,
641 1633 757 1673 quam
787 1621 1135 1671 conditionatum,
1163 1621 1212 1662 ὠ·
1242 1635 1297 1660 ex

185 1679 448 1725 suppositione
464 1689 479 1719 ;
507 1678 606 1712 sicut
634 1677 907 1711 necessarium
936 1683 1017 1721 est,
1047 1673 1179 1711 Deum
1201 1676 1297 1712 velle

185 1732 377 1765 animam
405 1728 648 1764 rationalem
678 1738 790 1772 esse,
819 1731 1040 1777 supposito,
1079 1724 1180 1775 quod
1209 1728 1296 1766 relic

187 1780 389 1818 bominem
417 1792 533 1817 esse:
563 1791 633 1816 non
660 1787 788 1816 autem
815 1778 927 1815 infert
945 1780 1204 1816 necessitatem
1225 1778 1294 1816 ah—

187 1833 362 1870 solutam
379 1863 389 1881 ,
419 1845 507 1884 quae
536 1830 604 1869 soli
633 1830 802 1868 libertati
828 1831 1060 1882 opponitnr.

243 1885 333 1924 226.
363 1885 543 1923 Nicotaus
571 1884 596 1938 1]
613 1884 830 1921 Herminier
849 1883 948 1922 hanc
969 1885 1070 1921 viam
1086 1883 1293 1935 concilian-

187 1939 249 1976 dae
277 1938 392 1977 simul
420 1939 564 1976 divinae
601 1937 784 1976 libertatis
812 1950 902 1974 cum
943 1950 1094 1975 summa
1121 1936 1293 1987 ejusdem

187 1992 262 2031 Dei
292 1990 628 2038 immutabilitate,
676 2003 793 2042 quam
823 1990 994 2041 alioquin
1036 2003 1118 2041 prae
1159 1992 1293 2028 ceteris

187 2046 309 2096 magis
336 2045 462 2083 tritam
480 2075 490 2093 ,
519 2056 842 2094 communemque
869 2055 947 2080 esse
961 2043 1131 2090 fatetur,
1162 2041 1295 2081 multis

186 2107 378 2150 oppugnat
418 2096 656 2144 rationibus,
704 2095 898 2146 aliamque
927 2095 1007 2147 ipse
1048 2096 1258 2145 ingreditur
1279 2125 1290 2144 ,

186 2164 303 2206 (fiam
333 2150 441 2202 longe
471 2149 683 2202 planiorem
709 2157 885 2200 reputat,
914 2161 1067 2200 quaque
1086 2147 1291 2187 difficulta-

187 2213 241 2242 tes
268 2217 397 2242 ornnes
427 2203 587 2241 resecari
623 2202 857 2240 arbitratur.
904 2200 1052 2252 Nempe
1080 2214 1151 2253 pro
1191 2211 1293 2240 certo

186 2259 323 2310 ponit,
352 2257 564 2296 libertatem
593 2256 748 2308 quidem
765 2285 777 2303 ,
803 2262 992 2302 quatenus
1013 2254 1171 2293 facultas
1199 2256 1291 2293 acti-

186 2323 236 2349 va
263 2319 342 2359 est,
372 2310 646 2363 perfectionem
674 2322 778 2357 esse,
807 2303 842 2344 8(
870 2307 1010 2345 divinae
1038 2309 1208 2346 essentiae
1238 2317 1293 2346 at-

186 2362 370 2401 tributum
388 2378 399 2410 3
428 2364 555 2415 ipsum
583 2371 708 2401 tamen
731 2369 863 2399 'actum
884 2359 1051 2399 liberum
1068 2391 1079 2409 ,
1108 2370 1294 2412 quatenus

187 2416 275 2454 vali-s
294 2426 346 2455 est
362 2447 373 2465 ,
401 2416 553 2454 nullam
573 2415 843 2468 perfectionem
859 2414 986 2451 dicere
1002 2444 1013 2463 ,
1043 2415 1291 2463 uude'infert,

187 2471 348 2521 potuisse
377 2471 416 2508 in
447 2469 529 2508 Deo
556 2482 626 2506 non
653 2482 758 2517 esse,
799 2468 895 2520 quin
924 2466 1005 2505 ulla
1033 2468 1106 2519 ipsi
1135 2469 1294 2506 mutatio

187 2524 398 2569 accideret3
441 2523 600 2561 mutatio
627 2524 728 2560 enim
758 2522 799 2559 in
828 2533 871 2558 eo
893 2519 1021 2558 solum
1053 2522 1181 2572 ,posita
1210 2530 1292 2570 est,

189 2577 289 2626 quod
320 2576 533 2627 subjectum
570 2577 769 2627 acquirat,
817 2573 878 2613 vel
906 2570 1087 2625 deperdat
1120 2573 1293 2627 aliquam

189 2629 456 2680 perfectionem
474 2656 483 2666 .
516 2630 651 2667 Actum
681 2638 806 2667 autem
827 2627 995 2666 liberum
1015 2639 1091 2665 non
1112 2641 1186 2665 esse
1205 2641 1291 2679 per-

189 2682 391 2719 fectionem
408 2712 417 2729 ,
448 2681 654 2733 multiplici
683 2683 826 2720 ratione
840 2681 1006 2733 probare
1026 2695 1064 2719 se
1083 2693 1188 2733 posse
1203 2693 1292 2719 con-

190 2734 302 2772 fidit.
332 2734 405 2772 Sed
437 2734 520 2772 haec
549 2736 718 2773 doctrina
746 2747 887 2788 paucos
907 2733 1169 2786 suffragatores
1188 2735 1293 2772 inve-

191 2788 273 2834 stit3
303 2789 367 2827 vix
396 2789 498 2825 enim
521 2787 721 2839 Theologis
750 2788 967 2840 persuaderi
996 2796 1136 2839 potest,
1165 2796 1293 2826 actum

192 2839 357 2879 liberum
374 2841 474 2890 Dei,
503 2854 568 2879 seu
595 2843 725 2894 ipsum
753 2841 939 2880 libertatis
967 2842 1188 2880 exercitium
1207 2853 1293 2894 per-

242 2996 289 3030 (α)
315 2992 434 3026 videri
462 3001 574 3038 potest
599 2993 674 3027 baec
692 2986 817 3027 solutio
842 2994 996 3027 breviter
1015 3016 1025 3034 ‚
1053 2997 1082 3026 8:
1107 2992 1219 3039 quoad
1241 2993 1304 3027 fie-

195 3037 225 3069 ri
252 3045 391 3082 potest,
425 3040 515 3072 clare
541 3041 714 3085 explica-ta
742 3039 832 3085 apud
860 3043 940 3074 Car.
965 3041 1174 3074 Witassium
1199 3040 1301 3073 Tom-

194 3085 221 3117 1.
261 3093 384 3128 quaest.
409 3087 460 3117 13.
487 3095 553 3119 art.
575 3089 606 3120 3.
646 3096 728 3120 sect.
744 3098 776 3118 2.
794 3109 804 3127 ,
844 3095 918 3120 tum
956 3085 1047 3131 apud
1071 3087 1139 3120 Du.
1178 3087 1302 3120 Hamel

198 3129 277 3164 Lib.
296 3130 357 3162 lV.
383 3131 530 3163 Dissert.
553 3143 582 3163 2.
609 3144 683 3177 cap.
706 3144 737 3165 2.
762 3134 833 3176 Qui
854 3143 971 3166 autem
986 3134 1089 3178 plura
1102 3131 1302 3172 desiderat,

194 3175 294 3208 adeat
318 3176 421 3208 Vino.
448 3178 717 3211 Contensonium
736 3180 771 3212 in
786 3179 974 3224 Theologia
991 3184 1138 3220 utentis,
1163 3183 1204 3213 (Τ
1223 3191 1299 3212 cor-

197 3225 256 3254 dis
283 3222 360 3255 Lib.
381 3224 423 3255 lt.
450 3221 588 3256 dissert.
608 3224 641 3266 4.
668 3236 698 3257 c.
722 3237 750 3257 ι.
774 3226 939 3277 speculat.
962 3237 1017 3267 2.‚
1042 3227 1194 3271 aliosque
1218 3237 1300 3270 pas-

197 3269 263 3301 oiin
289 3268 537 3303 Scholasticos.

955 48 1360 102 mseEtt'rA‘rto
1391 54 1447 102 V.
1494 53 1624 103 GAP.
1654 53 1736 102 tv.

1377 139 1583 176 sectionem
1626 151 1697 176 non
1725 148 1830 182 esse;
1874 148 1966 176 cum
1992 138 2183 191 quidquid
2211 146 2265 178 est
2304 139 2347 177 in
2375 138 2488 193 Deo,

1369 204 1550 240 summa,
1580 191 1615 228 8(
1645 190 1798 228 infinita
1826 191 2008 241 perfectio
2035 193 2080 230 sit
2099 218 2109 229 .

1414 248 1522 296 '227.
1552 245 1716 282 Omnem
1745 255 1899 293 prorsus
1927 243 2192 283 difficultatem
2222 246 2348 298 primo
2377 259 2487 298 aspe-

1374 305 1437 335 ctu
1464 297 1659 336 declinare
1701 295 1876 334 videntur
1903 294 2090 347 Th‘eoiogi
2126 299 2216 345 illi,
2257 301 2324 351 qui
2356 300 2486 338 existi.-

1375 353 1477 388 m'ant
1494 380 1505 398 ,
1535 350 1749 387 libertatem
1778 348 1817 385 in
1837 348 1919 385 Deo
1946 361 2022 385 esse
2051 351 2334 389 immunitatem
2354 366 2377 390 a
2405 352 2486 391 sola.

1374 405 1594 450 coactione,
1642 401 1676 438 8(
1705 399 1868 453 physica
1904 401 2149 449 necessitate,
2196 416 2271 441 non
2299 413 2425 442 autem
2463 420 2487 445 a

1367 456 1594 494 necessitate
1614 454 1790 499 <morali3
1839 454 1923 491 haec
1952 455 2053 492 enim
2083 453 2287 493 voluntatis
2327 456 2488 497 liberta·

1373 518 1491 560 potest
1520 507 1707 545 facillime
1735 520 1824 544 cum
1853 507 1982 544 divina
2018 506 2330 546 immutabilitate
2359 512 2486 549 conci-

1370 561 1459 599 liari
1477 587 1488 598 .
1517 560 1591 598 Sed
1619 561 1678 598 isti
1707 559 1801 597 dum
1832 573 1954 597 unum
1972 561 2090 598 vitant
2110 560 2310 613 scopulum
2327 591 2338 610 ,
2368 562 2407 599 in
2428 562 2486 600 al-

1370 623 1494 651 terum
1523 612 1718 651 offendunt
1735 642 1751 664 ,¹
1776 622 1956 664 negantes
1968 613 2051 651 Deo
2079 614 2292 653 libertatem
2309 614 2488 663 arbitrii,

1368 678 1456 718 quae
1485 666 1566 703 sine
1593 665 1712 704 dubio
1733 666 1914 717 perfectio
1942 674 1994 704 est
2027 668 2256 718 simpliciter
2287 668 2485 721 simplex.

1423 718 1515 758 208.
1544 719 1652 757 Hanc
1681 727 1912 770 postremam
1941 722 2164 759 sententiam
2182 729 2359 760 tueantur
2376 751 2386 769 ,
2415 734 2486 758 ne-

1367 785 1466 812 cesse
1496 781 1576 819 est,
1607 781 1646 810 ut
1675 785 1743 824 ego
1773 772 1929 824 quidem
1958 785 2069 822 reor,
2105 776 2174 827 qui
2203 788 2294 821 cum
2321 774 2485 818 Leibnie

1366 828 1447 874 tio,
1477 824 1675 863 &Wolfio
1703 826 1840 864 mundi
1868 829 2140 876 opu'mismum
2158 827 2386 874 defendunt,
2415 838 2483 865 seu

1367 889 1537 917 nostrum
1565 879 1756 917 mundum
1796 893 1875 917 esse
1912 880 2088 918 omnium
2127 881 2484 932 perfectissimum,

1365 933 1434 983 qui
1462 931 1512 971 ab
1554 931 1708 970 infinita
1737 931 1813 970 Dei
1841 934 2053 985 sapientia,
2101 932 2136 968 8(
2165 933 2329 985 potentia
2369 932 2483 971 condi

1367 986 1556 1037 potuerit.
1586 985 1665 1023 Nec
1694 983 1772 1023 aiia
1799 986 1846 1022 de
1874 1000 1988 1024 causa
2018 986 2203 1025 adductus
2231 986 2347 1025 fuisse
2375 986 2485 1025 vide-

1367 1044 1428 1076 tur
1453 1038 1587 1077 -Petrus
1615 1038 1842 1077 Abaelardus
1883 1039 1931 1077 ad
1960 1038 2034 1076 Dei
2075 1038 2294 1077 libertatem
2340 1052 2486 1090 negan-

1365 1091 1452 1142 dam
1471 1121 1482 1140 ,
1509 1093 1584 1132 nisi
1612 1093 1703 1144 quia
1732 1092 1762 1129 si
1791 1090 1926 1143 plura,
1957 1100 2022 1142 aut
2050 1091 2212 1130 meliora
2240 1093 2367 1130 facere
2395 1104 2484 1142 pos-

1364 1154 1417 1184 set
1445 1145 1572 1193 Deus,
1601 1159 1719 1197 quam
1748 1145 1874 1196 reipsa
1903 1145 2019 1192 fecit,
2062 1144 2231 1182 multum
2261 1144 2342 1196 ejus
2370 1144 2484 1182 boni-

1358 1199 1430 1237 tati
1457 1198 1721 1248 derogaretur:
1762 1198 1865 1235 unde
1892 1197 2079 1236 inserebat
2096 1227 2107 1246 ,
2136 1199 2374 1236 verissimam
2403 1211 2486 1235 esse

1366 1251 1475 1290 illam
1506 1250 1668 1288 Platonis
1696 1250 1905 1296 rationem,
1933 1263 2015 1300 qua
2042 1250 2202 1301 probat,
2232 1248 2366 1288 Deum
2395 1250 2484 1286 nul-

1366 1305 1524 1341 latenus
1545 1301 1739 1340 mundum
1755 1301 1958 1340 meliorem
1965 1301 2119 1353 facere
2132 1307 2304 1353 potuisse
2316 1332 2327 1352 ,
2356 1315 2483 1354 quam

1351 1355 1461 1407 fecit
1491 1355 1577 1406 (b).

1411 1462 1413 1464 ’
1733 1456 1983 1499 CAPUT
2053 1458 2105 1500 V.

1408 1565 1475 1607 De
1502 1566 1690 1617 efficacia
1717 1564 1863 1604 divinoe
1890 1565 2101 1604 voluntatis
2127 1578 2222 1604 cum
2248 1565 2433 1606 humana

1624 1623 1626 1625 ’
1675 1618 1856 1659 libertate
1884 1620 2142 1659 concilianda
2159 1647 2171 1659 .

1417 1737 1508 1776 229.
1525 1700 1800 1767 Voluntatem
1829 1724 1904 1762 Dei
1931 1739 2009 1763 esse
2037 1725 2373 1772 efficacissimam,
2402 1729 2482 1763 'seu

1361 1779 1491 1816 omnia
1520 1778 1645 1828 reipsa
1670 1776 1757 1814 fieri
1774 1806 1784 1824 ,
1813 1789 1902 1827 quae
1924 1777 2028 1814 Deus
2055 1777 2227 1814 absolute
2254 1775 2339 1815 fieri
2371 1777 2481 1823 vult,

1359 1829 1645 1868 Catholicorum
1683 1842 1794 1866 nemo
1822 1838 1958 1880 negat3
2005 1843 2095 1868 cum
2124 1830 2162 1867 id
2203 1829 2237 1866 8(
2266 1830 2480 1881 Scriptura:

1360 1896 1478 1920 sacrae
1497 1913 1507 1930 ,
1550 1881 1583 1918 8(
1612 1883 1706 1919 ratio
1734 1882 2015 1922 evidentissime
2049 1883 2332 1921 demonstrent.
2381 1881 2481 1921 Tota

1359 1936 1611 1974 controversia
1639 1937 1806 1973 exoritur
1820 1935 1866 1972 de
1886 1936 1997 1974 modo
2016 1935 2247 1974 conciliandi
2265 1934 2481 1974 efficaciam

1359 1989 1501 2026 divinae
1532 1987 1734 2027 voluntatis
1762 2003 1852 2026 cum
1879 1987 2053 2027 libertate
2084 1989 2251 2028 humana
2268 2015 2279 2027 .

1415 2042 1505 2080 250.
1535 2043 1717 2079 Convenit
1745 2043 1860 2079 etiam
1890 2043 1987 2079 inter
2014 2041 2229 2080 Catltolicos
2246 2071 2256 2090 ,
2284 2053 2333 2080 ex
2363 2053 2478 2094 aequo

1358 2094 1594 2141 damnandos
1622 2108 1698 2133 esse
1727 2103 1808 2133 tum
1836 2094 2085 2146 Pelagianos,
2126 2097 2222 2147 qui,
2271 2104 2309 2132 ut
2339 2093 2478 2133 huma,

1359 2160 1447 2184 nam
1476 2146 1691 2186 libertatem
1721 2156 1939 2193 tuerentur,
1988 2148 2132 2186 divinae
2162 2148 2365 2186 voluntatis
2393 2146 2480 2184 effi-

1358 2201 1508 2238 caciam
1537 2199 1787 2248 sustulerunt3
1815 2210 1895 2239 tum
1924 2198 2273 2238 Praedestinatianos
2290 2229 2302 2249 ,
2330 2201 2399 2252 qui
2427 2199 2479 2238 ad.

1357 2252 1504 2292 divinae
1533 2253 1734 2292 voluntatis
1761 2254 1972 2293 efficaciam
1992 2253 2268 2292 defendendam
2287 2283 2298 2302 ,
2327 2252 2479 2299 nullam

1359 2319 1436 2344 esse
1465 2308 1546 2346 veri
1575 2308 1741 2345 nominis
1769 2307 1984 2345 libertatem
2006 2307 2045 2344 in
2062 2305 2215 2345 homine
2243 2308 2479 2359 pronuncia„-

1359 2367 1472 2406 runt3
1499 2371 1665 2413 ‘quorum
1682 2360 1816 2398 haeresi
1837 2359 2083 2399 subscribunt
2103 2361 2339 2413 quicumque
2359 2372 2477 2412 quar*

1359 2421 1438 2451 tam
1479 2414 1644 2452 Jansenii
1685 2414 1980 2466 propositionem
2023 2413 2074 2451 ab
2101 2412 2276 2451 Ecclesia
2312 2412 2477 2464 proscri-

1360 2476 1464 2518 ptam
1492 2467 1724 2516 defendunt,
1771 2466 1917 2506 scilicet
1946 2466 2002 2504 ad
2030 2465 2286 2514 merendum,
2324 2466 2381 2503 vel
2409 2465 2478 2504 de.-

1361 2520 1596 2558 merendum
1625 2524 1666 2558 in
1694 2529 1801 2558 statu
1827 2525 1988 2558 naturae
2015 2521 2141 2570 lapsae
2160 2533 2242 2558 non
2269 2522 2414 2570 requiri
2433 2523 2477 2556 in

1360 2572 1519 2612 homi-ne
1548 2573 1771 2613 libertatem
1813 2587 1843 2612 a
1870 2578 2135 2624 necessitate,
2183 2572 2254 2612 sed
2292 2571 2478 2621 sufficere

1360 2626 1583 2666 libertatem
1611 2641 1640 2666 a
1668 2631 1901 2666 coactione.

1415 2681 1507 2719 251.
1536 2682 1614 2730 Qui
1635 2680 1824 2721 Molinam
1851 2689 2086 2733 sequuntur,
2113 2682 2269 2726 docent,
2298 2676 2476 2729 volunta-

1359 2740 1435 2770 tem
1464 2734 1537 2772 Dei
1554 2765 1565 2782 ,
1603 2743 1643 2772 ut
1671 2734 1807 2773 efficax
1833 2745 1914 2783 est,
1956 2744 2092 2772 nostrae
2122 2731 2324 2772 voluntatis
2351 2730 2473 2767 deter-

1360 2787 1606 2825 minationem
1624 2818 1635 2836 ,
1664 2788 1798 2826 saltem
1819 2797 1859 2826 ut
1878 2801 1947 2840 per
1966 2788 2160 2825 scientiam
2181 2784 2347 2822 mediam
2369 2796 2472 2834 prae-

1361 2840 1482 2879 visam
1501 2840 1710 2893 subsequi.
1738 2841 1886 2894 Nempe
1906 2841 2010 2879 Deus
2037 2838 2108 2891 ope
2136 2837 2301 2876 scientiae
2330 2837 2472 2873 mediae

2330 2902 2415 2941 spe-

1424 2992 1470 3030 (b)
1499 2991 1621 3025 videri
1646 3000 1790 3038 possunt
1815 2992 1852 3024 P.
1880 2990 2016 3024 Thoma
2041 2989 2144 3023 Vinc.
2182 2989 2353 3034 Moniglia
2377 2991 2472 3021 nella

1370 3037 1528 3071 Dissert-
1554 3048 1672 3072 contra
1700 3043 1712 3071 i
1735 3039 1970 3072 Blaterialisti
1996 3036 2097 3069 Tom.
2119 3038 2160 3069 Il.
2187 3036 2264 3069 Par.
2283 3037 2316 3069 3.
2341 3036 2469 3069 sezion.

1370 3086 1402 3117 3.
1428 3096 1557 3118 osserv.
1579 3097 1610 3128 7.
1626 3107 1636 3126 ‚
1675 3088 1707 3117 ἃ
1735 3085 1812 3118 Par.
1832 3085 1866 3126 4.
1891 3096 1958 3116 sez.
1978 3082 2010 3123 4.
2026 3105 2036 3123 ,
2070 3083 2230 3116 Petavius
2258 3083 2335 3116 Lib.
2354 3082 2398 3114 V.
2424 3083 2470 3114 de

1368 3130 1445 3164 Deo
1463 3142 1538 3175 cap.
1561 3132 1593 3164 5.
1609 3153 1620 3172 ,
1646 3132 1779 3165 Auctor
1803 3132 1845 3163 de
1859 3132 2013 3163 l’action
2040 3131 2082 3162 de
2103 3129 2196 3166 Dieit
2221 3143 2278 3163 sur
2291 3132 2355 3162 les.
2374 3132 2470 3160 6)·εά-

1365 3186 1457 3210 tures
1482 3178 1570 3210 Secu.
1588 3178 1619 3209 6.
1649 3179 1683 3209 P.
1704 3188 1735 3209 2.
1761 3189 1791 3210 c.
1809 3177 1842 3218 4.
1862 3197 1873 3215 ,
1899 3179 1930 3208 ἃ
1951 3177 2013 3208 -alii
2040 3188 2104 3209 non
2124 3176 2252 3221 pauci,
2274 3177 2336 3221 qui
2362 3173 2467 3208 Leib-

1365 3223 1470 3263 initii,
1496 3226 1527 3255 8(
1553 3224 1669 3258 Wolfii
1694 3225 1929 3268 Optimismum
1954 3224 2227 3268 impugnarunt.
