2577 3633
791 131 873 177 DF.
905 129 1152 176 SYNODO
1185 129 1582 184 FLORENTINA
1597 155 1612 174 -.

74 214 294 255 orientalis
320 220 511 266 perpetua
540 216 800 252 consensione
826 227 913 265 cap.
933 212 974 251 8.
990 242 1002 261 ,
1049 210 1118 250 ubi
1147 223 1185 248 e-

66 270 162 308 tiam
200 269 313 307 refert
354 267 553 319 epistolam
583 267 775 306 Gerasimi
819 265 1052 305 Patriarcliae
1096 263 1185 302 Ale.-

66 323 245 362 xandrini
273 320 321 359 ad
351 321 536 373 Legatum
566 320 862 368 Hollandicum,
904 321 944 357 in
972 333 1050 372 qua
1076 325 1185 356 testa·

66 384 129 415 tur
155 389 230 413 non
259 388 366 428 posse
392 390 417 413 a.
444 375 592 413 Graecis
633 387 722 412 cum
751 373 979 412 calvinistis
1009 384 1184 410 commu-

63 430 221 467 nionem
263 429 382 476 iniri,
428 437 581 481 propter
623 428 774 466 diversa
803 426 1000 478 religionis
1027 426 1181 478 capita,

63 481 106 520 iu
133 481 279 533 quibus
304 480 531 521 Calvinistae
559 493 640 520 non-
665 483 795 520 minus
823 495 845 519 a
866 481 1005 518 Graeca
1021 509 1032 527 ,
1060 492 1180 530 quam

63 548 87 572 a
118 533 289 573 Romana
318 534 494 574 Ecclesia
521 535 768 573 dissentiunt.
815 531 899 572 Post
928 532 1040 580 haec,
1087 532 1182 571 alia-

63 601 140 640 que
183 588 381 638 plurima,
429 602 518 641 quae
548 588 745 626 brevitatis
786 587 913 626 studio
939 587 1149 625 omittimus
1170 616 1182 635 ,

61 649 249 692 apparet,
279 640 500 679 solemniter
530 642 684 680 mentiri
715 655 777 679 eos
804 639 1076 687 protestantes,
1112 641 1183 691 qui

61 693 230 731 scribere
258 697 341 733 ausi
370 705 453 733 sunt
471 726 481 744 ,
511 695 670 733 Graecos
698 710 720 732 a
749 694 1182 746 pseudo-reformatione

60 748 217 786 nminisi
243 748 282 786 in
302 750 435 801 paucis
451 779 462 798 ,
491 762 536 788 ac
556 750 681 787 minus
697 747 959 787 essentialibus
973 746 1153 785 dissidere
1167 772 1182 786 ο

387 856 421 893 Α
442 854 470 893 Ρ
490 854 518 893 P
536 855 571 894 E
590 855 624 893 N
645 855 683 893 D
702 856 717 893 I
739 853 776 892 X
823 854 856 892 I.

62 955 129 998 De
158 958 350 1012 Symbol'o
371 961 646 1012 apostotorum
664 991 674 1009 ,
704 964 767 997 cui
786 958 946 997 Nicaeni
963 988 974 1006 ,
1003 958 1052 999 (9¹
1079 957 1178 996 Con-

115 1016 462 1066 stczntinopolitani
491 1014 632 1052 Patres
679 1014 816 1064 aliqua
857 1010 1098 1049 addiderunt
1126 1012 1182 1051 ad

112 1067 332 1117 pleniorem
359 1067 553 1121 Mysterii
586 1065 792 1104 Trinitatis
820 1066 1154 1117 explicationem.

113 1171 204 1224 269.
226 1148 426 1225 Symboli
465 1173 620 1211 nomine
661 1187 682 1211 a
712 1170 917 1223 Tlieologis
953 1170 1182 1223 intelligitur

56 1227 240 1276 quasdam
260 1226 471 1265 verborum
503 1225 670 1264 formula
687 1255 698 1273 ,
727 1239 805 1277 qua
836 1226 950 1263 unius
970 1224 1178 1276 Religionis

58 1276 234 1316 homines
276 1279 474 1331 praecipua
511 1293 589 1316 suae
629 1279 719 1316 fidei
749 1280 873 1331 capita
918 1277 1180 1330 complectun-

57 1339 149 1378 tur,
187 1341 228 1369 ut
256 1346 279 1370 a
306 1332 623 1385 quibuscumque
647 1333 736 1370 aliis
766 1334 926 1371 diversas
956 1331 1045 1369 fidei
1075 1344 1180 1369 com-

56 1385 307 1424 munionibus
348 1383 629 1437 distinguantur
659 1411 670 1424 .
744 1387 798 1423 Ita
843 1383 1075 1437 Symbolum
1116 1385 1180 1422 de-

55 1437 190 1478 scribit
219 1438 260 1476 S.
290 1437 490 1477 Maximus
524 1438 738 1491 Episcopus
764 1439 1010 1477 Tauriuensis
1045 1438 1180 1476 Homi-

55 1488 112 1527 lia
159 1489 226 1530 83.
269 1491 318 1529 de
369 1490 546 1530 Diversis
597 1495 636 1531 in
676 1491 977 1530 luculentissima
1018 1491 1182 1529 editione

57 1541 173 1582 Rom.
203 1558 268 1582 an.
305 1544 418 1596 1784.
449 1544 553 1596 jussu
584 1544 810 1583 immortalis
839 1544 896 1582 Pii
926 1543 995 1582 Vl.
1024 1545 1182 1583 adorna-

59 1605 126 1645 ta,
168 1597 298 1636 dicens
335 1613 374 1649 p.
397 1598 489 1650 269.
538 1629 564 1648 „
592 1600 692 1637 Cum
729 1599 831 1651 apud
861 1598 987 1635 Patres
1014 1607 1180 1647 nostros,

58 1679 90 1699 „
117 1652 213 1688 sicut
241 1651 342 1689 liber
369 1651 551 1690 Judicum
582 1656 695 1690 retert
712 1683 723 1700 ,
751 1652 931 1704 quaedam
960 1650 1178 1690 Israeliticae

58 1733 86 1752 „
116 1702 261 1741 Tribus
301 1705 411 1743 civili
439 1706 644 1743 adversum
672 1721 711 1744 se
740 1705 876 1757 praelio
913 1705 1177 1754 decertarent,

59 1785 86 1806 „
115 1770 183 1794 nec
213 1767 367 1809 propter
413 1758 654 1803 consimilem
684 1759 818 1811 populi
849 1759 964 1796 unius
1001 1757 1177 1797 habitum

55 1838 85 1858 2,
114 1811 213 1847 inter
243 1810 429 1849 bellantes
460 1821 578 1863 posset
599 1826 676 1850 esse
697 1812 901 1860 discretio,
931 1810 1052 1849 tribus
1082 1810 1178 1860 illa,

56 1891 85 1911 ,‚
114 1862 229 1913 cujus
256 1863 389 1914 justior
419 1875 497 1903 erat
525 1879 640 1904 causa
669 1865 893 1918 pugnandi,
922 1866 1015 1916 quia
1045 1866 1178 1902 merito

56 1944 84 1964 2,
116 1930 183 1967 per
213 1916 284 1955 Dei
315 1918 513 1957 auxilium
553 1921 754 1957 victoriam
792 1917 1078 1970 pras-sumebat,
1124 1918 1175 1952 si-

55 1997 84 2017 „
111 1982 234 2020 gnum
261 1971 337 2008 sibi
366 1983 469 2009 certo
498 1973 540 2008 in
565 1985 737 2009 sermone
763 1971 980 2016 constituit,
1012 1976 1052 2005 ut
1080 1980 1179 2020 quos

55 2050 84 2070 ,‚
115 2035 189 2066 uua
231 2036 427 2062 armorum
471 2025 586 2062 facies
629 2022 917 2069 confundebat,
964 2022 1175 2059 secretioris

56 2104 85 2123 2,
114 2075 222 2114 verbi
251 2077 498 2129 distingueret
526 2087 807 2115 sacramentum
825 2102 836 2113 .
865 2075 978 2123 Quod
999 2074 1042 2111 Β.
1073 2074 1175 2124 Αρο-

54 2156 83 2176 2,
112 2127 223 2174 stoli,
267 2139 306 2165 ut
335 2142 407 2178 ego
432 2143 543 2176 reor,
586 2129 810 2178 exemplum
837 2136 1031 2178 sequentes
1048 2155 1058 2172 ,
1098 2125 1175 2163 Ec-

0 2199 1 2228 j
56 2209 83 2229 „
113 2180 241 2218 clesiae
272 2180 373 2227 Dei,
402 2194 520 2232 quam
549 2181 752 2216 adversum
783 2179 962 2217 militiam
991 2177 1176 2217 diabolici

0 2230 1 2282 ζ
54 2262 83 2282 „
114 2234 256 2274 furoris
282 2233 506 2279 armabant,
546 2234 771 2284 mysterium
800 2230 979 2284 Syinboli
1009 2231 1175 2269 tradide-

53 2315 82 2334 2,
111 2295 224 2334 runt,
269 2294 308 2323 ut
337 2287 430 2338 quia
459 2285 529 2324 sub
561 2298 638 2323 uno
664 2286 804 2325 Christi
834 2286 988 2322 nomine
1015 2285 1173 2324 creden-

56 2368 84 2388 „
113 2341 212 2377 tium
242 2348 319 2377 erat
350 2340 477 2377 futura
513 2339 737 2386 diversitas,
783 2337 1026 2390 signaculum
1055 2337 1171 2390 Sym-

55 2421 84 2442 „
113 2392 194 2431 boli
225 2393 320 2430 inter
350 2392 510 2440 fideles,
540 2391 780 2444 perfidosque
808 2399 1044 2438 secerneret,
1076 2391 1108 2427 &
1130 2406 1169 2429 a·

52 2475 81 2494 sa
110 2445 236 2483 lienus
264 2460 287 2483 a
315 2444 413 2494 fide,
442 2455 556 2498 atque
587 2443 703 2483 hostis
729 2454 927 2497 appareret
957 2443 1141 2482 Ecclesiae
1159 2475 1171 2494 ‚

57 2528 84 2547 „
113 2508 178 2536 aut
207 2508 404 2551 tamquam
421 2499 635 2551 baptizatus
661 2500 865 2546 nescisset,
893 2507 958 2536 aut
973 2507 1170 2550 tamquam

53 2581 84 2600 „
114 2551 319 2590 haereticus
345 2554 573 2605 corrupisset
590 2555 616 2574 “
633 2577 645 2590 .
675 2551 799 2604 Atque
827 2552 879 2589 ita
907 2553 1170 2604 prosequitur,

53 2614 177 2643 totum
205 2605 438 2656 Symbolum
468 2606 633 2644 breviter
676 2618 894 2657 exponens,
939 2618 984 2642 ac
1012 2605 1172 2642 demum

55 2658 107 2696 ita
149 2660 189 2695 in
219 2658 298 2697 fine
325 2659 577 2697 concludens:
629 2688 657 2706 „
686 2658 768 2696 Hoc
798 2667 876 2706 est,
922 2657 1170 2706 charissimi,

61 2740 88 2759 „
120 2710 351 2763 Symbolum
369 2741 382 2759 ,
422 2711 534 2761 cujus
576 2713 714 2749 veritas
742 2724 1061 2763 unumquemque
1089 2725 1170 2749 cre-

54 2792 83 2813 „
111 2765 267 2804 dentem
295 2764 412 2804 efficit
431 2764 718 2811 Christianum5
746 2763 817 2803 hoc
846 2774 899 2803 est
917 2763 1172 2817 Symbolum,

109 2946 157 2981 (cn
188 2943 242 2976 lta
265 2943 388 2978 Petrus
407 2944 557 2988 Kingius
583 2943 718 2988 Anglus
736 2952 858 2978 auctor
871 2943 1040 2978 Histeriae
1067 2944 1177 2987 srm-

65 2988 136 3021 boli
164 2988 364 3031 Apostolici
401 2993 685 3030 ecclesiasticis,
724 2994 765 3025 <9¹
801 2991 985 3024 historicis
1021 2992 1178 3024 observa-

62 3036 214 3067 tionibus
241 3037 419 3071 illustrata
444 3043 456 3077 (
484 3049 502 3070 a
522 3037 645 3072 Godfr.
669 3037 810 3071 Oleario
832 3038 941 3071 latine
965 3050 1007 3071 ex
1033 3038 1177 3082 Angeli-

61 3091 102 3113 co
129 3092 305 3113 conversae
332 3082 425 3126 Lips.
448 3085 550 3128 1704.
579 3086 613 3118 in
640 3085 672 3119 8.
689 3105 700 3124 ‚
741 3084 869 3117 iterum
894 3092 1011 3118 antem
1043 3095 1174 3116 recusae

63 3126 208 3160 Basileae
236 3132 248 3166 )
274 3138 349 3171 cap·
374 3139 402 3159 1·
419 3150 430 3168 ,
471 3132 562 3163 Sam.
590 3130 779 3174 Basnagins
805 3129 848 3163 ad
873 3142 953 3163 ann.
980 3130 1064 3164 Chr.
1084 3128 1139 3171 42.
1159 3140 1174 3168 ς

68 3181 172 3217 atque
200 3174 306 3205 etiam
333 3173 425 3205 inter
450 3176 645 3210 Catholicos
659 3177 833 3221 Dupinius
858 3177 892 3209 in
913 3190 994 3210 nova
1006 3176 1171 3209 Biblioth.

63 3218 166 3251 Tom.
189 3221 212 3251 l.
227 3241 237 3258 ,
263 3228 385 3252 contra
409 3232 514 3264 quem
537 3224 670 3268 stylum
696 3223 788 3256 acuit
815 3223 1006 3256 Matthaeus
1031 3220 1173 3255 Petitdi-

63 3263 140 3297 dier
168 3266 370 3309 Remarques
408 3279 464 3298 sur
500 3269 552 3300 les
575 3274 741 3312 premiers
769 3277 874 3303 tomes
899 3271 942 3302 de
979 3272 1014 3303 la
1039 3269 1192 3301 Biblio->

63 3311 184 3355 the'que
207 3311 481 3356 Eccle›sia‹tiqzze
504 3315 548 3346 de
572 3315 624 3347 M
656 3315 797 3359 Dupin;
821 3316 876 3349 cui
892 3324 1008 3351 tamen
1033 3325 1174 3358 respon·

61 3356 114 3394 dit
139 3358 314 3404 Dupinius
328 3359 364 3393 in
392 3359 493 3394 Tom-
510 3360 578 3395 Vt.
597 3360 671 3396 Nec
682 3363 897 3398 mentionem
918 3361 1081 3398 videntur
1098 3372 1174 3396 mo-

2222 135 2305 188 ¹87

1254 240 1280 259 ,‚
1309 211 1409 262 quod
1440 210 1474 246 δε
1502 212 1669 250 viventes
1689 209 1896 250 sanctificat
1913 241 1923 259 ,
1953 209 1991 248 δι
2016 220 2187 250 mortuos
2212 213 2361 252 reducit

1253 293 1281 313 „
1311 264 1359 301 ad
1389 265 1506 302 vitam
1522 268 1549 285 “
1566 290 1577 302 .

1310 330 1402 368 270.
1429 317 1578 357 Eadem
1618 316 1698 354 fere
1740 315 1853 355 habet
1900 316 2080 356 Ruffinus
2117 317 2158 356 S.
2188 317 2366 357 Maximo

1251 382 1403 408 coaevus
1443 370 1492 409 ‹le'
1521 374 1763 423 expositione
1792 369 1971 423 Symboli
2014 370 2072 409 acl
2097 371 2364 410 Laurentium

1250 423 1450 475 inquiens:
1482 423 1833 475 Quemadmodum
1863 427 1904 460 in
1924 422 2030 462 bellis
2059 424 2225 463 civilibus
2244 451 2282 464 ...
2311 439 2364 465 ne

1248 489 1327 527 qua
1355 476 1431 514 <loli
1459 477 1651 530 subreptio
1668 477 1756 531 fiat
1773 508 1784 525 ,
1823 475 2018 530 Sjmbolu
2047 477 2236 517 distincta.
2264 492 2362 516 unu·

1248 533 1429 580 squisque
1458 530 1542 568 dux
1583 535 1662 568 suis
1706 531 1892 569 militibus
1920 530 2070 578 trudit,
2118 545 2206 582 quae
2235 533 2363 571 latine

1248 586 1394 635 signa,
1425 585 1483 621 vel
1511 585 1657 622 inslicici
1687 593 1969 635 nuncupantur
1984 599 2000 629 ;
2035 593 2076 621 ut
2105 589 2138 622 si
2154 584 2270 636 forte
2296 598 2362 622 oc·

1248 640 1413 673 currerit
1429 641 1512 687 quis
1530 669 1540 685 ‚
1570 637 1616 675 de
1631 651 1705 689 quo
1722 637 1921 675 dubitatur
1937 668 1946 686 ,
1969 641 2234 690 interrogatus
2245 649 2362 689 sym-

1248 687 1376 726 bolum
1407 690 1545 740 prolizt
1563 721 1572 738 ‚
1602 692 1656 728 ita
1684 691 1774 729 dicit
1805 692 1918 729 fuisse
1948 691 1997 729 ab
2027 690 2217 743 Apostolis
2245 691 2361 744 Sym-

1247 741 1381 781 bolum
1411 743 1502 780 fidei
1531 743 1711 781 fidelibus
1741 745 1949 782 traditum.

1303 808 1395 846 271.
1426 795 1522 833 Tria
1551 807 1676 835 autem
1721 798 1760 835 in
1800 797 1974 836 Ecclesia
2012 806 2094 834 suut
2135 796 2364 849 liujttsmodi

1246 846 1456 901 Symbola.
1486 847 1682 898 Primum,
1711 851 1811 901 quod
1828 852 2078 888 communiter
2095 850 2362 902 Apostolorum

1246 902 1411 950 dicitur,
1439 903 1534 954 quia
1562 913 1601 940 ut
1629 904 1894 951 ostendemus,
1942 904 2080 941 merito
2116 905 2282 942 creditur
2308 903 2365 942 ab

1247 957 1339 1008 ipsis
1369 955 1555 1007 Apostolis
1583 957 1796 994 confectum
1819 987 1830 1003 ,
1877 956 1911 993 St
1940 971 1964 994 a
1990 955 2171 996 fidelibus
2198 956 2290 994 solet
2319 958 2361 995 iu

1248 1009 1479 1060 quotidianis
1522 1009 1702 1061 precihus
1743 1011 1884 1061 saepius
1925 1011 2104 1048 recitari.
2151 1009 2360 1058 Alterum,

1246 1062 1352 1114 quod
1383 1061 1616 1110 Nicaenuin,
1646 1061 1705 1099 vel
1735 1062 2202 1115 Constantinopolitanum
2230 1062 2359 1110 audit,

1247 1115 1430 1168 quodque.
1455 1115 1553 1155 nihil
1585 1124 1637 1152 est
1666 1113 1797 1162 aliud,
1826 1129 1944 1167 quam
1974 1118 2099 1167 ipsum
2128 1115 2361 1169 Symbolum

1248 1167 1514 1220 Apostolorum
1536 1168 1733 1221 aliquibus
1753 1177 1896 1205 tantum
1913 1169 2074 1206 vocibus
2089 1199 2098 1216 ,
2129 1171 2256 1219 primo
2273 1169 2362 1220 qui-

1248 1221 1335 1259 dem
1367 1223 1405 1261 in
1434 1222 1610 1260 Concilio
1640 1221 1800 1259 Nica-uo
1844 1230 1974 1258 contra
2003 1221 2230 1258 Ariauorum
2260 1222 2363 1259 blas0

1247 1275 1442 1326 phemias,
1487 1285 1568 1327 post
1596 1283 1722 1312 antem
1754 1275 1790 1311 in
1819 1274 1935 1312 Cone.
1962 1275 2242 1325 Constantinop.
2271 1287 2361 1311 con-

1246 1336 1303 1366 tra
1332 1328 1626 1367 Macedouiauos
1656 1336 1812 1365 auctum
1833 1357 1845 1374 ,
1873 1327 1906 1363 &
1938 1329 1977 1364 in
2005 1325 2137 1365 M'issae
2167 1326 2364 1364 solemniis

1246 1383 1416 1428 cantari,
1464 1390 1529 1418 aut
1571 1381 1722 1419 recitari
1751 1380 1870 1418 solet.
1926 1378 2100 1417 Tertium
2146 1388 2198 1416 est
2226 1378 2324 1416 illud
2345 1408 2358 1426 ,

1245 1435 1346 1487 quod
1388 1433 1500 1485 vulgo
1541 1433 1582 1472 S.
1613 1433 1819 1472 Athanasio
1859 1432 2067 1480 tribuitur,
2115 1430 2149 1466 ἃ
2192 1432 2358 1483 incipit;

1251 1488 1496 1538 Quicumque
1517 1487 1591 1524 vult
1621 1487 1750 1524 salvus
1779 1498 1865 1523 esse
1880 1500 1897 1530 ,-
1925 1497 2036 1537 atque
2065 1500 2087 1523 a
2105 1484 2266 1523 clericis
2282 1485 2358 1523 Βο-

1247 1542 1400 1578 mimicis
1429 1541 1564 1584 diebus
1592 1540 1827 1578 recitandum
1858 1541 2110 1590 praecipitur.

1305 1606 1395 1645 272.
1423 1593 1512 1631 Jam
1541 1607 1631 1631 vero
1662 1603 1696 1630 ut
1727 1593 1773 1630 ad
1805 1594 1974 1644 primum
2004 1594 2226 1638 veniamus,
2271 1589 2360 1629 Cal»

1249 1648 1361 1685 vinus
1382 1647 1472 1685 Lib.
1495 1648 1542 1684 II.
1572 1648 1660 1684 Inst.
1682 1646 1778 1698 Cap.
1805 1644 1864 1683 tsi.
1893 1645 1939 1682 de
1960 1644 2076 1696 hujus
2103 1643 2270 1696 symboli
2291 1658 2360 1681 au-

1244 1708 1347 1737 ctore
1376 1702 1535 1737 minime
1550 1699 1805 1738 laborandum
1835 1713 1913 1736 esse
1942 1700 2090 1740 statu-it:
2120 1706 2199 1748 post
2229 1706 2359 1735 autem

1245 1753 1326 1803 ejus
1354 1754 1567 1802 discipulus
1586 1752 1726 1791 Daniel
1747 1751 1977 1790 chamierus
2005 1753 2047 1788 in.
2073 1765 2139 1788 sua
2161 1749 2357 1788 Ptinstrcz·

1244 1809 1307 1843 tiu.
1331 1805 1421 1844 Lib.
1444 1805 1515 1844 IX.
1544 1807 1592 1843 de
1619 1808 1716 1842 Can.
1757 1818 1844 1856 cap.
1872 1804 1932 1842 16.
1954 1834 1966 1852 ,
2012 1818 2061 1841 an
2090 1805 2214 1854 reipsa
2228 1804 2361 1842 ·foetus

1245 1858 1514 1908 Apostolorum
1548 1860 1623 1904 sit,
1670 1857 1996 1908 quemadmodum
2026 1856 2208 1893 hactenus
2235 1857 2359 1894 fuerat

1243 1910 1432 1947 creditum
1450 1939 1460 1957 ,
1491 1911 1531 1947 in
1562 1909 1726 1947 dubium
1749 1921 1925 1946 revocare
1946 1910 2065 1959 coepit
2084 1938 2093 1956 ‚
2123 1922 2240 1961 quem
2269 1910 2359 1946 imi-

1242 1970 1338 2000 tatus
1368 1972 1421 1999 est
1451 1962 1630 2000 Erasmus
1678 1966 1719 1998 in
1747 1959 1922 2012 Praefut.
1951 1960 2006 1998 ad
2035 1960 2148 1999 Lect.
2177 1960 2359 2009 Pamph.

1242 2014 1284 2052 S.
1315 2014 1467 2052 Macen.
1497 2015 1571 2053 Sed
1599 2015 1706 2052 Joan.
1739 2013 1962 2051 Gerhardus
2003 2013 2160 2052 Vossius
2202 2013 2358 2065 longius

1242 2081 1458 2118 progressus
1485 2069 1524 2106 iu
1553 2067 1642 2105 Lib.
1673 2066 1720 2103 dc
1749 2064 1868 2103 tribus
1896 2063 2028 2117 symb.
2057 2066 2161 2104 Diss.
2182 2066 2212 2103 Ι.
2241 2067 2359 2118 Sym-

1242 2120 1376 2158 bolum
1423 2120 1494 2159 hoe
1525 2119 1711 2172 Apostolis
1746 2120 1899 2157 omnino
1927 2118 2229 2169 abjudicandum
2249 2161 2253 2165 .
2270 2133 2361 2157 cen·

1242 2174 1337 2222 suit,
1367 2187 1486 2226 quem
1517 2182 1642 2225 postea
1671 2172 1780 2210 multi
1810 2171 1876 2210 alii
1906 2172 2255 2223 intemperantiores
2272 2173 2359 2210 Cri-

1244 2227 1308 2266 tici
1329 2228 1447 2265 secuti
1468 2237 1578 2274 sunt,
1608 2225 1872 2264 contendentes
1888 2254 1899 2272 ,
1929 2239 2002 2263 nou
2017 2224 2095 2263 alia
2125 2227 2270 2263 ratione
2283 2224 2357 2264 hoc

1242 2280 1463 2331 symbolum
1484 2293 1590 2333 posse
1611 2279 1878 2331 Apostolicum
1893 2279 2105 2330 nuncupari
2126 2308 2136 2326 ,
2166 2279 2241 2315 nisi
2260 2279 2356 2329 quia

1237 2333 1451 2371 doctrinam
1467 2335 1516 2371 ab
1531 2332 1755 2386 Apostolicis
1772 2333 1879 2370 initio
1894 2331 2069 2369 traditam
2085 2332 2248 2368 continet
2263 2329 2354 2381 (a).

1292 2387 1383 2438 273.
1413 2387 1486 2425 Sed
1516 2395 1646 2424 contra
1667 2384 1732 2423 hos
1751 2399 1881 2423 omnes
1910 2383 1979 2421 hoc
1999 2383 2232 2435 Symbolum
2259 2384 2358 2422 fuis-

1236 2451 1275 2476 se
1303 2454 1391 2478 vere
1421 2440 1470 2479 ab
1494 2438 1678 2491 Apostolis
1698 2439 1916 2476 confectum
1933 2466 1942 2484 ,
1973 2437 2084 2488 prob.
2115 2439 2240 2488 primo
2268 2451 2356 2475 ver-

1237 2492 1297 2530 bis
1333 2493 1553 2531 clarissimis
1591 2491 1762 2539 Ruffini,
1808 2493 1878 2544 qui
1913 2491 1955 2528 in
1985 2489 2138 2528 Praefat.
2166 2489 2355 2541 Exposit-

1237 2545 1380 2598 Symb.
1426 2546 1482 2584 aci
1510 2545 1776 2583 Laurentium
1818 2548 1833 2595 (
1864 2545 1959 2582 inter
2000 2556 2116 2595 opera
2143 2543 2183 2581 S.
2215 2544 2353 2580 Hiero-

1237 2613 1348 2652 nym.
1370 2599 1484 2638 Tom.
1505 2599 1555 2637 V.
1586 2599 1658 2637 Ed.
1681 2597 1812 2636 Maur.
1843 2597 1858 2643 )
1888 2597 1973 2635 haec
1993 2595 2135 2634 habet:
2169 2595 2350 2634 Tradunt

1237 2654 1416 2704 majores
1444 2657 1625 2691 nostri...
1653 2651 1755 2702 quod
1784 2653 1800 2701 (
1831 2649 1998 2702 Apostoli
2029 2649 2046 2697 )
2075 2649 2351 2687 discessuriab

1238 2710 1406 2744 invicem
1432 2718 1622 2743 normam
1651 2703 1723 2742 sibi
1749 2707 1854 2755 prius
1870 2701 2028 2756 futurae
2055 2702 2357 2754 proed'icationis

1238 2762 1278 2797 in
1308 2763 1510 2798 communi·
1537 2763 1822 2798 constituerunt
1842 2787 1854 2806 ,
1883 2770 1933 2795 ne
1940 2756 2055 2810 forte
2082 2757 2152 2795 alii
2172 2757 2255 2846 alipi
2279 2755 2358 2793 ad..

2255 2822 2298 2845 u-

1242 2940 1314 2975 reri
1340 2938 1498 2973 absurdae
1523 2937 1686 2983 quaedam
1709 2936 1892 2982 opiniones
1915 2935 1956 2969 de
1980 2934 2086 2978 liujus
2112 2934 2271 2980 Symboli
2289 2947 2355 2969 an-

1242 2997 1336 3021 ctore
1350 3007 1362 3025 ,
1388 2995 1424 3019 ut
1451 2986 1509 3018 illa
1525 2987 1629 3018 Laur.
1646 2985 1745 3017 Valla
1760 3006 1771 3023 ,
1796 2985 1854 3028 qui
1882 2985 1917 3016 in
1937 2984 2105 3016 Antidota
2131 2986 2169 3014 in.
2188 2981 2353 3025 Poggium

1245 3035 1322 3068 Lib.
1346 3033 1402 3065 lV.
1429 3044 1449 3066 a
1473 3032 1625 3065 Nicamis
1662 3031 1823 3064 Patribus
1860 3028 1947 3062 illud
1973 3029 2202 3071 compositum
2240 3029 2349 3061 fuisse

1243 3079 1429 3114 somniavit
1454 3083 1466 3118 (
1492 3077 1611 3111 videti
1638 3085 1750 3122 potest
1776 3077 1942 3111 Erasmus
1969 3076 2005 3107 in
2025 3077 2198 3119 Apologia
2221 3077 2266 3107 ad
2294 3076 2348 3116 24.

1242 3130 1350 3161 libros
1376 3126 1514 3158 Alberu·
1542 3124 1596 3156 Pii
1614 3145 1624 3163 ‚
1668 3123 1851 3165 Carporum
1876 3123 2022 3155 Comitis
2049 3122 2149 3154 Tom.
2171 3122 2232 3154 lx.
2259 3123 2349 3164 Opp.

1242 3172 1380 3207 Erasmi
1413 3182 1446 3214 p.
1465 3172 1546 3212 958.
1576 3176 1617 3209 ὃς
1657 3178 1714 3202 aut
1752 3169 1811 3200 illa
1849 3166 1960 3200 adhuc
1997 3166 2180 3201 absurdior
2205 3166 2348 3204 Samlii,

1241 3220 1301 3264 qui
1328 3219 1363 3250 in
1390 3217 1520 3250 [Vm-:lm
1558 3216 1695 3247 Hister.
1724 3214 1864 3247 Eccles.
1902 3225 2052 3247 asserere
2079 3225 2144 3246 non
2181 3222 2230 3244 est
2258 3211 2348 3243 veri-

1241 3273 1324 3304 tus,
1350 3263 1580 3306 Symbolum,
1604 3259 1695 3305 quod
1721 3261 1958 3305 Apostolicum
1984 3259 2137 3298 dicitur,
2174 3259 2276 3290 fuisse
2303 3256 2347 3289 ab

1241 3310 1381 3344 Arianis
1408 3309 1662 3353 compositum2
1685 3310 1718 3341 δι
1741 3306 1848 3348 illud,
1874 3306 1967 3353 quod
1992 3304 2121 3340 dicitur
2138 3304 2358 3342 >in-maun..

1238 3358 1281 3393 ab
1308 3355 1595 3394 Homaeusianis..
