2577 3633
753 151 833 196 DE
866 147 1180 197 CAUTIONE
1215 150 1282 192 IN
1315 145 1794 192 LocUTIONJBUS.
2248 147 2302 187 61

74 242 157 273 tres
184 237 497 285 omnipotentes,
539 239 620 270 tres
648 233 893 270 immensos.
948 231 1030 268 Hoc
1058 238 1185 268 tamen

73 297 233 340 negatur
261 289 300 324 in
329 285 505 338 symbolo
537 284 814 337 Quicumque;
841 286 934 337 quia
964 292 1001 322 ut
1020 283 1061 322 S.
1079 282 1185 320 Tho-

71 354 156 379 mas
182 340 352 378 observat
381 340 411 378 Ι.
441 337 482 377 Ρ.
511 354 550 391 q.
572 339 637 391 59.
658 349 728 377 art.
749 339 809 387 5.,
839 337 923 376 haec
951 337 1105 375 nomina
1125 336 1183 375 ibi

67 402 271 432 sumuntur
299 391 560 430 substantive.
589 394 766 430 Ceterum
784 392 822 430 id
849 392 926 429 dici
945 404 1051 443 posse
1070 388 1182 442 adje-

66 448 187 494 ctive,
236 448 276 484 in
306 446 437 483 eodem
468 445 655 497 Symbolo
694 445 911 484 luculenter
953 444 1182 496 exprimitur

64 498 116 536 iis
143 499 293 538 verbis:
327 498 433 537 Totoe
453 509 533 537 tres
561 512 738 548 personoe
758 507 969 536 cooeternce
981 498 1052 536 sibi
1070 505 1182 545 sunt,

65 551 118 591 (9'
147 553 399 604 coaequaleS.
446 553 545 591 Cum
574 553 693 604 igitur
721 552 824 604 apud
862 551 1010 603 aliquos
1040 550 1081 588 S.
1109 549 1179 588 Pa-

64 612 140 642 tres
169 605 251 643 haec
268 636 279 654 ,
310 606 344 643 δε
371 605 516 644 similia
544 607 701 644 nomina
721 603 863 657 plurali
892 617 1054 641 numero
1072 616 1181 641 usur-

61 667 151 709 pata
180 657 356 709 leguntur
371 689 382 707 ,
412 659 608 711 adjective
628 658 788 709 intelligi
809 657 968 705 debent,
998 670 1073 695 non
1093 656 1180 694 sub-

61 714 262 749 stantive:
311 712 344 749 8(
375 728 393 750 e
423 726 602 751 converso
630 725 721 750 cum
757 710 1002 763 singulariter
1037 711 1179 762 praedi-

60 774 225 813 cantur,
255 766 491 805 substantiva
521 775 631 804 sunt.

117 819 210 868 257.
241 819 410 858 Demum
439 820 667 871 generaliter
693 818 874 864 nomina,
921 830 1009 869 quae
1051 829 1178 867 perso-

57 872 120 910 nis
147 872 290 910 divinis
318 875 461 910 ratione
491 874 661 911 essentiae
691 871 946 917 conveniunt,
994 869 1178 921 singulari

57 937 224 962 numero
253 928 450 965 enunciari
479 926 643 970 debeut5
670 937 758 975 quae
789 935 879 961 vero
906 923 1041 960 iisdem
1073 936 1178 960 com-

57 988 190 1030 petunt
220 982 359 1017 ratione
387 980 663 1031 proprietatum
693 973 951 1027 personalium
970 1005 980 1023 ,
1011 975 1176 1026 plurali.

55 1033 113 1070 lta
146 1033 346 1083 Angelicus
375 1033 516 1069 Doctor
545 1032 576 1068 l.
594 1029 634 1067 P.
665 1043 704 1080 q.
727 1028 791 1079 59.
821 1036 891 1065 art.
913 1028 951 1066 3.
982 1029 1176 1081 iuquiens:

55 1114 85 1135 „
116 1085 324 1123 Nominum
366 1082 627 1121 essentialium
654 1082 835 1133 quaedam
880 1082 1093 1133 significant
1122 1098 1173 1120 es-

112 1141 274 1176 sentiam
303 1136 570 1185 substantive,
613 1135 796 1188 quaedam
825 1147 915 1171 vero
945 1134 1142 1187 adjective
1162 1163 1174 1174 .

112 1190 171 1228 Ea
198 1191 357 1242 quidem
375 1221 387 1239 ,
415 1204 505 1242 quae
528 1189 768 1228 substantive
797 1189 994 1225 essentiam
1026 1190 1173 1241 signifi-

111 1252 224 1292 cant,
263 1245 523 1295 praedicantur
551 1244 597 1281 de
626 1241 748 1280 tribus
775 1243 943 1294 personis
971 1243 1173 1294 singulari-

110 1306 166 1333 ter
195 1306 344 1335 tantum
363 1327 373 1344 ,
404 1297 438 1333 8<
468 1311 540 1335 non
562 1294 792 1347 pluraliter3
822 1308 910 1346 quae
941 1308 1029 1332 vero
1058 1295 1172 1349 adsie-

110 1353 207 1386 euve
235 1352 436 1388 essentiam
466 1350 706 1401 significant,
743 1350 1001 1399 praedicantur
1029 1349 1074 1387 de
1103 1351 1171 1388 tri-

110 1402 183 1440 bus
213 1404 384 1454 personis
411 1404 452 1441 in
483 1401 653 1454 plurali.
695 1399 817 1451 Cujus
846 1403 941 1439 ratio
970 1411 1048 1450 est,
1077 1405 1170 1454 quia

106 1458 262 1493 nomina
290 1456 525 1494 substantiva
559 1454 777 1507 significant
812 1453 961 1507 aliquid
991 1469 1058 1507 per
1086 1469 1170 1493 mo-

109 1509 200 1545 dum
230 1508 480 1556 substantia-:3
509 1511 667 1547 nomina
688 1520 776 1545 vero
805 1507 995 1558 adjectiva
1023 1509 1169 1560 signifi-

108 1571 193 1600 caut
208 1562 357 1614 aliquid
387 1577 456 1615 per
485 1563 641 1600 modum
662 1561 893 1609 accidentis,
923 1561 1025 1613 quod
1045 1562 1172 1600 inhae-

108 1624 163 1652 ret
190 1614 390 1666 subjecte.
420 1616 640 1654 Substantia
659 1623 786 1652 autem
808 1616 904 1652 sicut
932 1628 1004 1667 per
1031 1629 1073 1653 se
1102 1615 1170 1652 ha-

104 1668 167 1705 bet
198 1683 301 1716 esse,
331 1670 383 1706 ita
410 1682 550 1719 perfse
579 1669 693 1706 habet
723 1669 910 1705 unitatem
929 1698 938 1715 ,
978 1668 1037 1707 vel
1068 1669 1172 1706 mui-

107 1722 334 1760 titudinem:
382 1723 482 1759 unde
511 1723 544 1758 δε
575 1722 839 1772 singularitas,
878 1720 938 1757 vel
969 1721 1173 1772 pluralitas

106 1776 269 1811 nominis
297 1774 521 1812 substantivi
542 1776 746 1812 attenditur
775 1774 985 1810 secundum
1002 1774 1169 1811 formam

104 1825 362 1877 significatam
393 1840 461 1879 per
481 1840 645 1869 nomen,
683 1826 901 1865 Accidentia
929 1834 1059 1863 autem
1077 1856 1087 1874 ,
1118 1828 1170 1864 si-

101 1889 164 1917 cut
193 1894 269 1917 esse
300 1879 441 1918 habent
470 1882 508 1918 in
529 1879 730 1932 subjecto,
760 1880 811 1916 ita
839 1892 884 1916 ex
914 1879 1086 1930 subjecto
1104 1894 1167 1917 su-

97 1934 263 1983 scipiunt
293 1935 473 1971 unitatem
491 1964 501 1982 ,
533 1933 591 1973 vel
614 1933 926 1978 multitudinem3
956 1932 989 1968 8(
1020 1933 1104 1970 ideo
1124 1935 1165 1971 in

43 2015 72 2034 ,‚
102 1986 302 2037 adjectivis
331 1988 533 2025 attenditur
574 1987 843 2038 singularitas,
892 1986 925 2021 &
963 1985 1165 2038 pluralitas

40 2066 68 2086 „
98 2041 305 2078 secuudum
347 2042 572 2093 supposita.
629 2042 671 2077 ln
709 2040 894 2078 creaturis
932 2050 1164 2079 autemnon

42 2120 70 2140 „
100 2094 296 2131 invenitur
328 2109 401 2132 una
431 2095 555 2131 forma
586 2095 624 2131 iu
645 2093 825 2146 pluribus
851 2094 1076 2144 suppositis,
1106 2095 1169 2131 ni-

40 2173 68 2192 „
99 2147 129 2182 si
161 2147 301 2183 unitate
329 2149 472 2184 ordinis
493 2177 504 2194 ,
554 2156 592 2184 ut
622 2148 745 2184 forma
775 2145 1034 2184 multitudinis
1062 2147 1166 2183 ordi-

98 2207 197 2234 natae
215 2224 225 2235 .
256 2199 365 2237 Unde
380 2201 535 2236 nomina
551 2200 808 2250 significantia
824 2199 938 2236 talem
970 2200 1133 2236 formam
1151 2229 1165 2248 ,

38 2279 67 2299 „
98 2252 128 2288 si
158 2253 228 2287 sint
256 2252 517 2299 substantiva,
548 2253 809 2303 praedicantur
836 2252 883 2288 de
914 2250 1091 2302 pluribus
1121 2254 1162 2291 in

37 2331 66 2351 „
95 2303 310 2354 singulari,
340 2314 561 2342 nouantem
592 2306 622 2342 si
643 2306 718 2343 sint
747 2304 963 2355 adjectiva:
993 2305 1162 2343 dicimus

39 2371 72 2405 ,‚·
102 2361 229 2403 enim,
262 2357 364 2408 quod
387 2357 496 2395 multi
529 2357 701 2396 homines
730 2368 815 2396 sunt
837 2357 1066 2409 collegium,
1098 2358 1160 2396 vei

97 2412 309 2459 exercitus,
339 2419 402 2447 aut
432 2410 621 2463 populus5
670 2412 836 2449 dicimus
864 2420 1019 2458 tamen,
1056 2413 1158 2464 quod

97 2463 224 2513 plures
245 2462 416 2501 immines
444 2474 530 2502 sunt
550 2464 765 2516 collegiati.
796 2466 839 2502 In
859 2465 998 2502 divinis
1028 2474 1156 2503 autem

95 2518 253 2554 essentia
281 2517 413 2555 diviua
443 2517 678 2568 significatur
707 2531 774 2570 per
803 2519 961 2555 modum
991 2519 1124 2555 formae
1142 2549 1154 2567 ,

98 2580 135 2607 ut
165 2571 308 2607 dictum
352 2580 403 2608 est
441 2581 510 2607 art.
542 2572 734 2621 praeced.,
782 2571 816 2607 8(
854 2586 892 2623 q.
915 2572 954 2609 5.
996 2581 1065 2609 art.
1089 2573 1155 2619 5.;

92 2638 180 2675 quae
203 2624 358 2674 quidem
380 2624 541 2675 simplex
566 2633 616 2661 est
637 2655 648 2672 ,
678 2625 710 2660 8(
741 2626 910 2661 maxime
940 2639 1013 2662 una
1031 2652 1041 2662 .
1073 2626 1155 2663 Un-

91 2678 137 2713 de
167 2679 324 2715 nomina
354 2677 611 2728 significantia
640 2679 812 2715 divinam
843 2680 1038 2716 essentiam
1068 2678 1155 2716 sub-

92 2735 261 2768 stantia-e
291 2730 558 2782 singulariter,
607 2731 640 2767 ἃ
671 2744 742 2768 non
784 2731 987 2782 pluraliter
1013 2733 1060 2770 de
1090 2733 1155 2770 tri-

94 2784 165 2821 bus
194 2786 362 2836 personis
393 2785 651 2835 praedicantur
668 2811 678 2821 .
700 2789 726 2806 ‘⁶

91 2838 181 2875 258.
213 2838 314 2874 Hinc
344 2839 471 2889 primo
488 2852 562 2875 una
580 2848 630 2875 est
660 2839 854 2875 existentia
884 2840 920 2876 in
943 2839 1049 2887 Deo,
1080 2848 1155 2877 tres

42 2897 168 2926 autem
199 2890 447 2928 subsistentiae
466 2917 476 2928 .
524 2891 703 2929 Secundo
733 2906 807 2929 una
837 2894 1046 2940 aeternitas,
1077 2907 1153 2930 una

37 2939 226 2991 infinitas,
254 2945 531 2996 omnipotentia
560 2945 630 2982 &c.
649 2975 659 2992 ,
690 2958 760 2982 non
791 2955 862 2983 tres
892 2948 1118 2984 aeternitates
1139 2977 1150 2994 ‚

35 2992 264 3042 infinitates,
310 2998 595 3050 omnipotentiae
618 3025 629 3035 .
679 2998 809 3036 Tertio
851 3001 929 3037 dici
959 3009 1075 3052 potest
1105 3013 1150 3037 ex

37 3059 179 3096 aequo,
210 3048 432 3088 Trinitatem
465 3067 541 3089 esse
571 3066 688 3089 unam
719 3066 799 3091 rem
819 3083 828 3100 ,
872 3054 901 3090 si
931 3054 1149 3106 designetur

38 3100 218 3146 essentia;
244 3101 303 3140 vel
333 3102 462 3154 plures
490 3107 520 3144 si
551 3114 763 3159 spectentur
792 3120 985 3158 personae.

54 1167 83 1187 2>

53 1220 83 1241 25

51 1273 81 1294 29

49 1326 81 1346 9>

50 1378 80 1399 22

53 1432 80 1452 >2

48 1485 77 1506 2>

49 1537 79 1558 >3

47 1590 77 1610 2>

48 1643 78 1663 2>

47 1696 75 1715 2>

47 1749 76 1769 9>

45 1802 75 1822 29

45 1854 74 1875 ³2

42 1907 71 1927 2>

40 1961 68 1981 2³

39 2225 68 2244 2)

39 2440 66 2460 2²

37 2493 65 2512 2,

35 2545 64 2565 2>

36 2599 64 2618 2>

35 2651 63 2671 >2

34 2705 62 2726 2>

33 2758 62 2778 2>

36 2810 64 2830 θ’

92 3275 139 3308 (c)
173 3272 222 3304 De
247 3270 312 3305 hac
332 3275 484 3325 ‘materia
511 3277 695 3314 admodum
722 3281 942 3321 necessaria,
968 3290 1094 3326 praeter
1109 3281 1144 3313 S.

38 3316 210 3351 Thomnm
255 3330 382 3363 saapms
424 3333 442 3352 a
470 3324 565 3356 nobis
594 3326 798 3368 laudatum,
841 3329 974 3360 consuli
1001 3336 1144 3372 possunt

34 3362 144 3398 Gustu.
171 3366 291 3400 Estius
319 3366 354 3399 in
382 3367 458 3401 Lib.
474 3370 499 3401 1.
525 3369 683 3407 Sentenc.
708 3375 877 3409 Distinet.
898 3374 957 3409 lV·
987 3377 1020 3408 ὃ(
1044 3385 1114 3418 seq·
1130 3395 1142 3413 2

1308 230 1401 281 259.
1431 228 1515 266 Non
1547 227 1696 280 piguit,
1726 224 1809 262 hoec
1829 222 2025 276 aliquanto
2054 221 2174 262 fusius
2194 223 2364 276 explica-

1252 296 1320 331 re,
1349 283 1440 334 quia
1469 294 1543 319 nou
1564 281 1688 318 solum
1717 277 1828 316 valde
1857 277 1987 325 utilia,
2016 278 2079 315 sed
2101 277 2210 329 plane
2239 291 2364 316 neces·

1252 338 1352 373 saria
1368 334 1561 385 Theologo
1589 341 1702 371 sunt.
1730 331 1810 368 Nee
1831 345 1875 367 ea
1903 332 2107 381 quisquam
2128 331 2238 382 parvi
2268 345 2362 383 pen-

1249 389 1339 436 dat,
1370 397 1410 425 ut
1439 389 1555 425 nimis
1574 395 1712 434 acuta,
1742 382 1776 420 &
1806 382 1986 428 subtilia3
2015 397 2138 435 neque
2168 385 2269 421 enim
2300 384 2362 422 hae

1249 451 1333 479 sunt
1362 454 1494 488 vauae,
1524 449 1636 493 atque
1663 439 1792 476 otiosae
1822 435 2140 475 scholasticorum
2170 436 2362 475 subtilita-

1249 504 1300 533 tes
1317 525 1327 544 ,
1357 507 1450 544 quas
1478 495 1558 530 sine
1580 494 1660 531 ullo
1687 492 1910 530 detrimento
1929 490 2124 542 praeterire
2153 491 2361 540 possimus.

1248 547 1307 586 Ea
1335 547 1508 597 diligenti
1529 547 1773 598 inquisitione
1801 545 1914 596 digna
1942 541 2129 595 judicavit
2150 542 2362 595 Theologo-

1247 615 1336 639 rum
1378 600 1556 651 princeps
1592 600 1631 637 S.
1663 598 1830 636 Thomas
1852 628 1862 646 ,
1909 611 2027 651 quem
2069 596 2206 634 ducem
2250 599 2357 636 noes-oe*

1246 654 1364 694 πόὸας
1394 654 1511 689 secuti
1540 666 1695 690 sumus.
1752 653 1836 689 Imo
1863 650 1945 703 ejus
1973 664 2072 703 pene
2113 648 2239 688 verbis
2275 648 2362 686 liaec

1245 706 1375 742 omnia
1418 705 1644 756 explicanda
1672 719 1748 743 esse
1776 707 2020 752 censuimus,
2069 712 2110 741 ut
2150 703 2199 740 de
2227 710 2361 739 nostra,-

1245 759 1428 796 doctrinae
1447 758 1609 810 puritate
1625 788 1635 806 ,
1665 768 1776 810 atque
1796 759 2008 809 integritate
2037 757 2078 794 in
2097 769 2139 793 re
2164 756 2254 794 tanti
2276 767 2357 792 mo-

1245 813 1362 850 menti
1391 813 1485 850 certi
1506 825 1669 849 essemus
1686 837 1697 849 .
1726 811 1884 849 Nemini
1912 819 2038 848 autem
2067 811 2146 848 istis
2174 807 2361 846 reclama⁴

1245 879 1286 904 re
1316 865 1372 903 fas
1399 867 1445 904 sit
1473 877 1518 902 ex
1540 877 1583 901 eo
1599 894 1610 912 ,
1639 864 1740 916 quod
1756 865 1933 917 quaedam
1955 863 2132 917 loquendi
2149 862 2327 901 formulae
2345 890 2358 909 ‚

1245 932 1340 972 quas
1355 927 1394 956 ut
1415 919 1543 956 minus
1558 926 1685 969 aptas,
1715 916 1775 954 vel
1792 917 1903 969 plane
1920 917 2031 955 falsas
2047 917 2333 969 repudiavimus
2345 945 2357 963 ,

1245 972 1347 1024 apud
1363 972 1510 1025 aliquos
1530 982 1672 1011 veteres
1692 982 1964 1022 nonnunquam
1985 971 2254 1009 inveniantur.
2282 969 2358 1006 Ne-

1245 1040 1320 1078 que
1350 1027 1452 1064 enim
1482 1038 1527 1063 ex
1556 1027 1628 1072 iis,
1675 1037 1764 1076 quae
1796 1037 1881 1061 raro
1910 1025 1948 1061 in
1977 1025 2105 1075 spissis
2131 1023 2171 1061 S.
2201 1021 2356 1060 Patrum

1244 1078 1537 1127 voluminibus,
1584 1087 1698 1130 atque
1726 1077 1847 1115 obiter
1875 1077 1973 1114 dicta
2001 1078 2265 1129 reperiuntur,
2293 1074 2358 1112 sed

1244 1134 1368 1185 potius
1397 1146 1441 1170 ex
1485 1146 1618 1170 eorum
1646 1131 1866 1183 frequenti,
1914 1139 2026 1181 atque
2064 1131 2222 1177 usitata,
2269 1141 2356 1165 con-

1242 1187 1431 1238 stantique
1459 1186 1610 1223 dicendi
1631 1186 1773 1222 ratione
1802 1184 1915 1221 nobis
1934 1182 2105 1233 regulam
2123 1213 2133 1230 ,
2161 1196 2355 1219 normani-

1241 1253 1316 1291 que
1345 1240 1559 1287 sentiendi,
1608 1238 1641 1275 8<
1688 1238 1867 1289 loquendi
1906 1236 2105 1273 efformare
2141 1235 2323 1272 debemus
2346 1261 2356 1271 .

1240 1293 1321 1330 Nec
1341 1294 1507 1345 denique
1521 1293 1791 1331 contemnendi
1808 1321 1819 1338 ,
1847 1299 1911 1327 aut
1930 1289 2127 1326 deserendi
2146 1297 2231 1325 sunt
2248 1287 2357 1325 scho-

1238 1347 1288 1382 l'ae
1320 1346 1532 1398 Theologi,
1581 1346 1648 1397 qui
1678 1346 1726 1382 ad
1769 1343 2040 1395 praecludenda
2083 1342 2354 1379 haereticorum

1238 1399 1380 1450 effugia
1409 1401 1547 1449 majori
1577 1399 1829 1450 praecisione,
1858 1411 1902 1434 ac
1925 1398 2045 1447 magis
2074 1403 2250 1434 accurato
2269 1407 2354 1434 ver-

1236 1452 1377 1491 borum
1405 1452 1554 1490 delectu
1585 1452 1639 1489 uti
1667 1450 1881 1488 debuerunt
1911 1451 1974 1502 (a)
1993 1476 2005 1487 .

1530 1577 1929 1627 DISSERTATIO
1971 1576 2051 1619 III.

1318 1689 1384 1730 De
1414 1702 1506 1731 vera
1523 1720 1534 1739 ,
1564 1704 1614 1728 ac
1643 1689 1971 1728 consubstantiali
1999 1689 2091 1728 Jesu
2125 1685 2267 1727 Christi

1683 1742 1887 1780 divinitate
1902 1770 1916 1780 .

1291 1853 1542 1929 Antequam
1571 1874 1804 1913 catholicum
1825 1888 1954 1922 verae,
1987 1874 2020 1911 8c
2049 1874 2352 1913 consubstantia-

1234 1928 1282 1967 lis
1310 1928 1397 1967 Jesu
1426 1930 1565 1967 Christi
1585 1929 1799 1967 divinitatis
1819 1929 1955 1979 dogma
1985 1943 2053 1976 ea,
2083 1943 2160 1980 qua
2189 1942 2259 1980 par
2274 1938 2350 1977 est,

1233 1982 1433 2034 diligentia
1452 1982 1691 2021 stabiliamus
1707 2012 1717 2029 ‚
1748 1997 1795 2020 ac
1812 1983 2051 2020 vindicemus
2068 2012 2078 2031 ,
2109 1996 2229 2032 pauca
2248 1997 2351 2035 prae-

1232 2038 1417 2075 mittenda
1445 2045 1529 2075 sunt
1557 2037 1603 2073 de
1633 2036 1770 2074 haeresi
1801 2037 1969 2084 Ariana,
1998 2050 2076 2088 qua
2104 2045 2206 2073 certe

1266 2168 1291 2180 ..
1322 2156 1403 2180 ηοη
1432 2146 1575 2180 saevior
1600 2142 1684 2178 ulla

1232 2195 1384 2245 Pestis,
1413 2197 1463 2237 ζῇ·
1493 2200 1554 2233 ira
1584 2194 1663 2234 Dei
1691 2198 1835 2247 stygiis
1865 2207 1952 2233 sese
1979 2195 2117 2233 extulit
2146 2194 2290 2235 undis.

1550 2327 1903 2366 CAPUT
1986 2328 2018 2366 Ι.

1333 2436 1397 2476 De
1424 2445 1531 2486 ortu,
1560 2435 1609 2475 Εἴ)
1638 2447 1845 2487 progressu
1874 2435 2041 2473 Arianae
2070 2435 2233 2476 haeresis

1587 2489 1655 2527 sub
1688 2489 1977 2528 constantino.

1283 2638 1316 2663 1.
1334 2601 1508 2667 Ariana
1536 2623 1617 2661 lues
1645 2623 1788 2662 saeculo
1816 2624 1884 2663 IV.
1915 2626 2067 2665 ineunte
2105 2628 2143 2664 in
2174 2627 2339 2667 Alexan-

1223 2676 1335 2716 drina
1364 2677 1535 2716 Ecclesia
1565 2680 1715 2728 erupit,
1764 2679 1797 2714 8(
1827 2689 1944 2717 totum
1974 2680 2088 2717 simul
2117 2682 2301 2720 orientem
2324 2713 2337 2731 ,

1224 2741 1336 2783 atque
1365 2733 1599 2769 occidentem
1629 2732 1738 2769 brevi
1769 2733 1924 2770 infecit.
1972 2733 2068 2784 Ejus
2098 2748 2232 2786 parens
2263 2737 2337 2774 fuit

1224 2784 1338 2823 Arius
1368 2798 1413 2822 ex
1443 2785 1570 2836 Lybia
1598 2786 1811 2837 Cyrenaica
1839 2788 2047 2835 oriundus,
2078 2790 2136 2826 vir
2165 2791 2242 2825 acri
2273 2792 2333 2826 in-

1222 2840 1360 2888 genio,
1391 2852 1460 2875 nec
1492 2839 1672 2876 mediocri
1703 2840 1858 2876 scientia
1889 2841 2113 2888 instructus,
2152 2843 2335 2879 extrinse-

1221 2904 1265 2927 ca
1296 2893 1408 2928 etiam
1439 2891 1564 2929 vultus
1594 2892 1796 2942 dignitate,
1846 2908 1889 2930 ac
1917 2895 2082 2946 quadani
2114 2894 2218 2931 falsae
2251 2896 2333 2947 pie-

1221 2946 1304 2982 tatis
1334 2946 1458 2996 specie
1487 2947 1798 2990 commendatus3
1846 2948 1987 2998 quibus
2023 2947 2170 2985 dotibus
2200 2948 2249 2986 ab
2280 2951 2330 2986 Α·

1220 2997 1338 3035 chilla
1370 2998 1625 3036 Alexandrino
1655 2999 1870 3037 patriarcha
1899 3001 1944 3037 ad
1974 3000 2182 3038 Sacerdotii
2212 3001 2330 3039 hono-

1218 3064 1298 3088 rem
1330 3051 1438 3089 evehi
1471 3054 1704 3104 promeruit5
1736 3054 1812 3090 imo
1840 3049 1888 3090 ab
1919 3053 2050 3091 eodem
2080 3054 2232 3093 Achilla
2253 3057 2328 3095 Ec-

1215 3105 1341 3143 clesiae
1371 3105 1622 3154 Baucalensi,
1651 3120 1739 3158 quae
1768 3107 1899 3145 ceteris
1921 3108 1959 3145 in
1988 3107 2082 3146 urbe
2101 3108 2330 3148 Alexandri-

2235 3177 2287 3202 na

1212 3279 1314 3312 Dion.
1343 3278 1503 3311 petavius
1532 3280 1607 3330 Lib.
1626 3279 1720 3313 Vm.
1748 3282 1790 3314 de
1817 3281 1942 3317 Trinit.
1980 3280 2113 3318 duobus
2136 3283 2322 3330 postremis

1213 3327 1386 3372 capitibus
1402 3347 1413 3367 ‚
1442 3330 1473 3358 δε
1499 3338 1628 3371 passim
1653 3326 1882 3362 Scholastici-
