2577 3633
230 241 395 278 Thomas
425 240 451 275 Ι.
473 236 514 273 Ρ.
544 244 677 288 quaest.
700 237 765 288 57.
794 236 902 274 artic.
934 235 970 274 5.
1000 235 1164 287 probat,
1208 236 1333 288 Ange-

226 293 280 329 10³
311 306 382 329 non
412 303 516 342 posse
547 303 591 327 ex
621 292 660 328 vi
703 304 782 328 suae
824 290 1076 336 conditionis,
1122 287 1155 324 &
1183 298 1331 328 naturae

228 358 286 382 res
317 344 470 381 fortuito
498 344 644 382 futuras
673 356 925 394 cognoscere;
955 341 988 377 ἃ
1009 351 1144 393 quaest.
1165 340 1230 381 86.
1258 353 1331 382 art.

225 397 264 442 4.
294 397 395 434 idem
424 396 558 448 probat
585 397 631 434 de
660 395 849 434 intellectu
877 393 1066 443 humano,
1110 409 1154 434 ac
1183 409 1332 448 semper

226 449 444 497 concludit,
493 450 609 488 solius
637 450 711 488 Dei
741 463 816 486 esse
853 449 1055 499 proprium
1076 477 1087 496 ,
1136 449 1264 488 futura
1291 463 1332 487 o-

224 503 329 541 mnia
358 515 580 554 cognoscere
598 529 607 540 .
646 503 746 539 Hinc
777 502 920 539 vanitas
949 501 1155 539 ostenditur
1182 502 1335 541 divina-

225 556 364 603 tionis,
411 557 457 593 de
485 569 561 607 qua
591 554 710 593 multa
756 554 902 605 egregie
944 554 1108 606 disputat
1135 555 1268 593 Cicero
1297 557 1334 593 in

226 608 315 646 Lib.
332 609 379 646 ll.
401 608 449 646 <Ie
465 609 701 645 <laniatione
718 633 729 643 .
760 606 850 645 Vid.
871 606 998 646 Estius
1018 609 1059 646 iu
1079 607 1168 647 Lib.
1183 609 1214 647 I.
1234 608 1331 646 Sen-

222 668 320 699 tent.
349 662 509 699 distinct.
532 661 594 699 58.
626 659 663 711 ᾗ.
684 659 724 705 4.

639 764 813 804 CAPUT
843 764 913 805 IV.

321 870 385 911 De
400 870 638 924 futurorum
665 876 883 930 praesentia
909 875 952 910 in
979 877 1205 914 aeternitate
1221 899 1231 912 .

275 979 339 1018 53.
357 959 498 1025 Nihil
527 979 628 1032 apud
650 979 691 1018 S.
707 978 899 1018 Thomam
921 980 1155 1033 frequentius
1171 1011 1180 1029 ,
1209 994 1328 1033 quam

223 1034 349 1071 sutura
378 1034 509 1071 omnia
549 1047 626 1071 esse
655 1033 738 1071 Deo
779 1035 983 1085 praesentia
1013 1035 1051 1071 in
1096 1036 1327 1082 aeternitate,

219 1099 307 1136 quae
336 1099 449 1124 omne
476 1094 625 1138 tempus
653 1086 764 1124 modo
793 1086 957 1139 quodam
988 1087 1237 1136 indivisibili,
1274 1097 1329 1126 at-

219 1152 293 1190 que
323 1138 559 1177 immutabili
588 1138 851 1191 complectitur
871 1165 882 1177 .
924 1139 1096 1192 Idipsum
1132 1154 1207 1178 non
1244 1153 1330 1178 raro

217 1193 332 1229 etiam
356 1194 457 1244 apud
487 1201 628 1230 veteres
655 1192 839 1231 Ecclesiae
854 1192 979 1231 Patres
1007 1193 1199 1232 invenitur
1219 1194 1329 1246 (vid.

218 1242 394 1282 Petavius
423 1245 510 1284 Lib.
540 1245 607 1284 IV.
637 1245 686 1284 de
715 1244 803 1284 Deo
831 1260 917 1298 cap.
938 1245 977 1291 4.
1007 1245 1050 1293 ).
1093 1245 1167 1284 Sed
1207 1248 1328 1285 oritur

217 1309 264 1334 ex
293 1296 363 1335 hoc
392 1296 629 1349 perdifficilis
658 1299 818 1351 quaestio
837 1330 848 1347 ,
890 1313 936 1337 an
966 1297 1051 1336 haec
1095 1299 1222 1338 futura
1251 1302 1325 1339 sint

220 1349 304 1387 Deo
330 1353 529 1402 praesentia
550 1354 588 1389 in
604 1353 807 1390 aeternitate
825 1349 1011 1404 objectis-e
1030 1360 1175 1389 tantum
1192 1383 1202 1401 ,
1229 1366 1326 1406 quo-

217 1403 330 1439 modo
347 1404 473 1442 futura
504 1413 590 1442 sunt
617 1408 820 1456 praesentia
847 1406 960 1443 etiam
981 1403 1201 1456 Prophetis,
1230 1408 1326 1443 dum

216 1468 259 1491 ea
281 1457 513 1505 praevident3
542 1470 591 1495 an
621 1470 710 1495 vero
728 1457 915 1510 physice,
945 1457 979 1493 &
998 1458 1182 1506 realiter,
1211 1467 1326 1510 prout

217 1507 328 1546 nobis
356 1522 444 1559 quae
473 1509 553 1560 jam
579 1512 771 1558 existunt,
800 1513 1006 1562 -praesentia
1034 1519 1144 1548 sunt.

272 1562 334 1611 59.
366 1561 461 1600 Haec
503 1563 664 1601 secunda
706 1565 889 1602 sententia
923 1564 1064 1602 arridet
1093 1562 1325 1613 Thomistis,

214 1614 359 1666 quibus
389 1614 423 1651 δι
453 1615 562 1654 multi
591 1615 660 1654 alii
688 1617 961 1655 subscribunt.
992 1615 1065 1654 Pro
1092 1631 1169 1669 qua
1198 1626 1323 1656 tamen

212 1670 397 1706 sententia
426 1679 525 1707 recte
553 1668 796 1719 intelligenda
825 1670 1107 1708 observandum
1137 1678 1188 1708 est
1206 1699 1216 1716 ,
1254 1683 1326 1708 non

212 1733 258 1757 eo
286 1734 392 1758 sensu
420 1722 548 1759 futura
575 1722 653 1759 dici
681 1723 842 1759 realiter
878 1723 1078 1773 praesentia
1107 1723 1146 1758 in
1176 1724 1325 1759 aeterni-

214 1782 313 1821 tate,
342 1775 453 1825 quasi
481 1774 687 1825 anticipata
715 1774 882 1826 quadam
912 1774 1157 1826 productione
1186 1773 1264 1824 jam
1288 1788 1325 1810 e-

211 1827 351 1864 xistant
394 1827 432 1864 in
467 1828 702 1873 aeternitate,
743 1836 944 1879 antequam
987 1826 1246 1878 producantur
1287 1827 1325 1864 in

215 1888 405 1931 te1np0re3
447 1880 548 1918 unde
588 1878 710 1931 aliqui
747 1879 1034 1918 Thomistarum
1077 1880 1325 1927 sententiam,

215 1941 257 1970 ut
287 1933 452 1970 maxime
480 1932 680 1970 absurdam
700 1962 710 1979 ,
739 1932 964 1985 explodunt;
993 1932 1055 1970 sed
1085 1932 1205 1970 solum
1223 1933 1325 1970 futu-

215 1998 259 2024 ra
287 1985 467 2023 dicuntur
496 1986 578 2024 Deo
604 1984 792 2037 physice,
836 1985 869 2021 8<
898 1986 1059 2023 realiter
1095 1987 1294 2036 praesentia
1312 2015 1324 2034 ,

216 2051 285 2088 per
326 2041 641 2077 coexstensionem
685 2040 901 2076 aeternitatis
929 2039 976 2076 ad
1007 2036 1102 2076 illud
1139 2048 1324 2089 punctum

216 2093 423 2143 temporis,
462 2093 499 2129 in
527 2105 604 2143 quo
645 2092 773 2130 futura
813 2090 1019 2142 aliquando
1061 2091 1244 2140 existent,
1289 2091 1323 2129 ἃ

213 2144 304 2182 fient
332 2146 558 2196 praesentia.

270 2196 334 2234 60.
366 2198 406 2235 Id
435 2200 521 2236 satis
549 2197 749 2250 perspicue
783 2197 929 2236 tradere
971 2197 1119 2236 videtur
1147 2196 1188 2235 S.
1218 2196 1322 2236 Tho-

213 2263 296 2287 mas
323 2250 354 2287 Ι.
383 2249 424 2288 Ρ.
454 2259 588 2302 quaest.
622 2250 682 2297 14.
712 2259 782 2290 art.
820 2251 882 2290 15.
912 2250 980 2289 ubi
1021 2259 1220 2303 postquam
1263 2252 1320 2290 di-

211 2304 346 2350 xisset,
376 2303 502 2342 Deum
531 2317 753 2355 cognoscere
782 2305 909 2343 futura
927 2305 1178 2355 contingentia
1198 2333 1209 2352 ,
1239 2317 1320 2342 non

213 2356 339 2394 solum
367 2366 478 2407 prout
506 2361 548 2395 in
576 2361 656 2395 suis
675 2362 806 2395 causis
826 2367 917 2395 sunt
934 2388 946 2407 ,
974 2356 1043 2395 sed
1063 2361 1187 2394 etiam
1206 2366 1321 2407 prout

211 2410 510 2460 unumquodque
538 2423 679 2448 eorum
707 2419 766 2449 est
795 2420 889 2449 actu
917 2414 960 2448 in
979 2414 1130 2461 seipso,
1161 2411 1212 2448 ita
1232 2423 1319 2462 pro-

211 2465 406 2515 sequitur;
437 2464 470 2500 8<
498 2465 587 2503 licet
614 2468 889 2517 contingentia
903 2464 1022 2518 fiant
1049 2468 1091 2501 in
1118 2472 1212 2501 actu
1233 2477 1319 2501 suc-

214 2520 384 2564 cessive,
427 2531 508 2555 non
548 2526 687 2556 tamen
716 2517 826 2556 Deus
866 2520 1081 2556 successive
1120 2521 1319 2569 cognoscit

212 2572 503 2621 contingentia,
533 2580 645 2620 prout
663 2581 755 2609 sunt
782 2575 823 2609 in
851 2584 921 2610 suo
939 2584 1050 2618 esse,
1078 2573 1191 2608 sicuti
1219 2584 1316 2620 nos,

216 2621 285 2658 sed
313 2623 430 2660 simul
446 2638 460 2667 ;
497 2629 588 2675 quia
616 2638 691 2662 sua
719 2628 890 2677 cognitio
919 2633 1174 2663 mensuratur
1202 2634 1317 2661 ceter-

211 2683 339 2712 mtate
355 2704 366 2723 ,
395 2679 493 2713 sicut
521 2681 643 2715 etiam
662 2691 778 2716 suum
798 2692 883 2717 esse
903 2692 917 2716 .·
944 2681 1152 2717 aeternitas
1179 2686 1317 2715 autem

210 2737 298 2765 tota
325 2729 444 2765 simul
473 2734 644 2768 existens
672 2731 799 2770 ambit
838 2741 964 2770 totum
992 2740 1173 2783 tempus:
1216 2731 1319 2769 unde

211 2784 372 2829 omnia,
402 2795 490 2832 quoe
518 2793 608 2820 sunt
637 2788 678 2821 in
706 2793 906 2835 tempore,
948 2794 1038 2823 sunt
1066 2784 1154 2823 Deo
1183 2783 1233 2821 ab
1262 2798 1318 2822 α.»-

211 2843 325 2871 terno
351 2840 567 2884 proesentia
583 2866 594 2884 ,
623 2849 703 2873 non
721 2839 847 2875 solum
868 2852 919 2877 ea
939 2842 1096 2876 ratione
1111 2868 1121 2887 ,
1150 2850 1230 2890 qua
1247 2836 1317 2876 ha-

214 2886 274 2923 bet
302 2892 475 2925 rationes
502 2901 636 2927 rerum
666 2891 770 2940 apud
795 2905 840 2929 se
875 2900 1092 2943 praesentes
1108 2921 1119 2940 ,
1167 2900 1208 2928 ut
1235 2895 1317 2942 qui-

216 2938 311 2975 danz
341 2939 509 2987 ‹licunt;
555 2942 624 2980 sed
651 2947 744 2995 quia
785 2946 870 2996 ejus
913 2949 1074 2983 intuitus
1103 2943 1241 2996 fertur
1267 2943 1317 2981 ab

216 3001 364 3029 aeterno
392 3007 511 3046 supra
539 3000 679 3033 omnia
696 3027 706 3046 ,
735 3008 845 3046 prout
861 3008 951 3036 sunt
980 3003 1021 3035 in
1050 3012 1124 3036 sua
1143 3010 1316 3048 prcesen-

218 3045 387 3102 zlalz‘tate
404 3073 413 3084 .
443 3047 572 3086 Utitur
591 3051 704 3088 etiam
734 3050 830 3089 ibid.
847 3052 894 3089 ad
915 3052 951 3090 3.
967 3053 1162 3104 aptissimo
1189 3064 1315 3089 exem·

214 3097 280 3148 plo
309 3097 438 3146 filim,
486 3103 552 3153 qui
581 3102 630 3140 ab
659 3103 789 3156 aliqua
837 3104 1034 3144 altitudine
1071 3106 1235 3143 intuetur
1261 3112 1313 3142 to·

266 3260 311 3294 (n)
337 3256 390 3307 De
412 3255 477 3289 hac
502 3260 690 3301 qutestione
716 3260 823 3294 videri
844 3272 987 3306 possunt
1007 3263 1233 3304 scholastici,
1259 3264 1319 3308 qui

215 3313 291 3351 eam
317 3314 450 3346 copiose
474 3312 648 3337 tractant:
688 3310 718 3338 ἀ
743 3307 902 3341 Petavins
929 3311 1007 3343 Lib.
1033 3312 1091 3343 IV.
1117 3314 1160 3344 de
1186 3311 1261 3344 Deo
1289 3322 1317 3342 c.

217 3353 247 3389 f,-
276 3351 305 3380 ἃ
339 3349 364 3381 ἶ).
410 3350 541 3383 Auctor
574 3360 689 3386 autem
716 3353 759 3385 de
784 3353 807 3385 l'
825 3356 955 3388 Action
989 3359 1032 3389 de
1058 3356 1150 3390 Dieu
1187 3370 1243 3391 sur
1268 3358 1318 3390 les

1001 151 1403 201 DISSERTATIO
1435 157 1515 202 IV.
1549 156 1678 201 CAP.
1710 154 1788 200 IV.

1398 246 1476 276 tam
1505 240 1636 286 viam,
1679 236 1713 273 8<
1743 233 1843 274 videt
1868 244 1999 274 omnes
2026 247 2096 289 per
2124 248 2208 275 eam
2252 239 2509 292 transeuntes}

1398 303 1488 329 cum
1517 299 1640 328 tamen
1670 289 1729 327 illi
1747 317 1758 336 ,
1787 289 1855 339 qui
1876 296 2092 338 transeunt,
2121 303 2195 329 non
2214 293 2368 331 videa'nt
2397 291 2510 339 illos,

1400 345 1466 396 qui
1498 352 1578 396 post
1606 357 1643 381 se
1672 342 1857 380 veniunt.

1455 396 1520 434 61.
1549 396 1598 433 Et
1626 397 1664 433 in
1693 395 1782 433 Lib.
1802 393 1833 433 Ι.
1863 403 2005 434 contra
2036 393 2155 434 Gens.
2186 410 2273 448 cap.
2293 396 2359 436 66.
2397 405 2510 436 aeter-

1400 449 1557 487 nitatem
1576 478 1586 496 ,
1628 461 1717 499 quae
1746 455 1798 485 est
1828 449 1947 486 instar
1975 451 2136 500 puncti,
2184 450 2335 488 nullam
2365 449 2508 488 habens

1402 503 1660 539 extensionem
1677 530 1687 548 ,
1717 498 1869 538 cuilibet
1897 506 2084 552 tempori,
2127 502 2185 540 vel
2213 506 2382 540 instanti
2410 512 2512 539 tem·

1401 558 1505 604 poris
1531 553 1838 603 praesentialiter
1857 552 1999 593 adesse
2016 586 2026 604 ,
2055 556 2217 593 scribit.
2247 557 2366 608 quue
2386 556 2512 593 circu=

1401 606 1431 644 li
1461 606 1635 657 exemplo
1664 606 1856 655 declarat,
1886 609 1926 645 in
1955 622 2032 661 quo
2062 618 2246 660 punctum
2277 608 2506 662 quodlibet,

1399 660 1499 712 quod
1527 669 1577 697 est
1607 660 1645 697 in
1675 659 1851 708 ambitu,
1881 662 2003 700 cuivis
2021 661 2131 699 alteri
2160 671 2299 714 puncto
2326 663 2399 701 situ
2420 674 2508 713 pro·

1399 714 1546 751 ximum
1568 725 1642 751 non
1671 722 1749 759 est3
1779 722 1814 750 at
1835 721 2027 763 centrum,
2057 715 2158 767 quod
2181 715 2352 754 medium
2382 717 2509 753 circu-

1399 765 1429 803 li
1458 766 1624 814 obtinet,
1654 765 1814 804 cuilibet
1842 775 1981 818 puncto
2009 766 2203 816 ambitus,
2245 782 2310 806 seu
2339 769 2507 807 circum-

1397 820 1570 858 ferentiae
1599 818 1736 857 circuli
1767 833 1811 857 ex
1839 820 1996 858 adverso
2024 821 2246 873 respondet.
2294 823 2347 859 Ita
2364 851 2374 870 ,
2417 833 2506 859 con-

1397 870 1520 910 cludit
1548 871 1780 924 Angelicus,
1821 871 2007 925 quidquid
2033 878 2075 911 in
2116 886 2364 925 quacumque
2389 881 2506 925 parte

1394 930 1585 975 temporis
1613 934 1696 974 est,
1743 929 1924 964 coexistit
1953 936 2127 975 aeterno,
2173 930 2289 977 quasi
2329 939 2506 978 praesens

1395 978 1526 1017 eidem·
1543 1009 1554 1027 ,
1592 982 1666 1017 etsi
1694 989 1870 1030 respectu
1899 981 2062 1018 alterius
2087 983 2214 1031 partis
2243 983 2430 1031 temporis
2457 983 2508 1018 sit

1395 1036 1641 1084 praeteritum
1658 1063 1668 1081 ,
1698 1033 1755 1071 rel
1770 1032 1959 1084 futurum
1975 1059 1985 1071 .

1449 1085 1516 1124 62.
1542 1087 1740 1124 Contraria
1769 1089 1946 1125 sententia
1973 1099 2059 1124 suos
2100 1084 2194 1124 olim
2223 1085 2361 1125 habuit
2388 1087 2506 1124 etiam

1395 1140 1494 1177 inter
1523 1138 1738 1178 Thomistas
1767 1149 1942 1192 patronos
1985 1153 2030 1177 ex
2059 1153 2101 1177 eo
2129 1141 2327 1191 praecipue
2345 1170 2356 1188 ,
2403 1138 2506 1192 quod

1394 1193 1595 1244 percipere
1622 1206 1698 1231 non
1726 1192 1927 1242 valebant,
1975 1194 2166 1245 quomodo
2207 1193 2364 1240 futura,
2413 1205 2503 1244 quae

1391 1245 1564 1284 nondum
1591 1249 1780 1293 existunt,
1823 1254 1971 1297 possent
2000 1246 2082 1284 Deo
2111 1247 2150 1283 in
2180 1247 2386 1284 aeternitate
2415 1258 2501 1283 coe—

1391 1300 1556 1345 xisterej,
1605 1299 1703 1337 unde
1732 1297 1852 1335 solam
1881 1300 2102 1336 eorumdem
2132 1296 2368 1350 obJ'ectivam
2398 1311 2500 1348 prae-

1393 1352 1553 1390 sentiam
1583 1352 1624 1390 in
1654 1353 1858 1389 aeternitate
1876 1351 2151 1396 admittebant3
2182 1364 2256 1388 non
2287 1359 2413 1388 tamen
2434 1363 2500 1387 an-

1389 1414 1427 1442 te
1455 1405 1597 1442 divinae
1626 1403 1830 1443 voluntatis
1849 1405 1999 1443 decreta
2015 1434 2026 1452 ‚
2056 1419 2078 1442 a
2107 1403 2247 1457 quibus
2265 1416 2376 1441 suam
2399 1403 2503 1440 futu-

1393 1458 1571 1495 ritionem
1592 1457 1824 1496 desumunt.
1867 1457 2001 1510 Aliqui
2031 1467 2156 1495 autem
2186 1458 2436 1504 recentiores,
2467 1461 2506 1493 ut

1391 1509 1593 1561 Vasquez,
1623 1510 1788 1559 Suarez,
1817 1510 2014 1559 Valentia,
2044 1511 2194 1549 Lessius
2224 1510 2294 1548 ἃς.
2323 1522 2369 1547 ex
2399 1507 2505 1547 scho-

1395 1561 1433 1601 la
1464 1562 1680 1602 Moliniana
1709 1564 1965 1611 contendunt,
1995 1565 2127 1601 eadem
2157 1564 2286 1601 futura
2313 1576 2391 1600 esse
2421 1561 2504 1600 Deo

1393 1617 1433 1654 in
1464 1617 1670 1654 aeternitate
1701 1626 1847 1655 tantum
1877 1615 2064 1669 objective
2092 1618 2297 1667 praesentia
2338 1624 2435 1654 ante
2462 1628 2502 1652 o-

1393 1682 1489 1706 mne
1519 1668 1661 1707 divinoe
1689 1671 1900 1707 voluntatis
1929 1669 2155 1707 decretum.
2191 1669 2292 1717 Quae
2322 1669 2503 1706 sententia

1393 1722 1556 1758 inferius
1585 1735 1671 1772 cap.
1691 1721 1778 1759 VII.
1810 1722 2009 1759 refelletur
2027 1748 2036 1758 .
2068 1723 2223 1759 Interim
2254 1723 2299 1760 de
2328 1719 2504 1759 tutabat:

1391 1774 1650 1810 controversia
1691 1775 1811 1811 videri
1853 1783 1971 1824 potest
2001 1773 2170 1811 'Thomas
2211 1774 2257 1811 de
2285 1775 2422 1812 Lemos
2464 1775 2506 1811 in

1397 1825 1595 1876 Panoplia
1632 1825 1800 1864 Tom.1.
1840 1825 1883 1864 P.
1906 1827 1954 1864 Π.
1998 1835 2105 1864 tract.
2150 1826 2218 1864 ult.
2248 1825 2422 1878 cap.16.
2467 1825 2501 1862 δε

1393 1893 1470 1930 seq.
1501 1880 1567 1930 qui
1589 1878 1687 1916 hanc
1716 1881 1917 1917 materiam
1937 1883 2037 1916 satis
2063 1892 2228 1929 grai-em
2248 1909 2259 1928 ,
2287 1880 2337 1920 ὠ·
2366 1891 2502 1916 neces·

1392 1935 1552 1969 sariam
1580 1940 1726 1983 reputat
1753 1931 1885 1969 saltem
1912 1941 2102 1983 quantum
2128 1942 2271 1984 spectat
2300 1933 2346 1970 ad
2376 1945 2502 1969 neces-

1392 1986 1537 2022 sitatem
1568 1984 1787 2021 divinorum
1815 1985 2077 2034 decretorum,
2126 1995 2166 2024 ut
2193 1986 2323 2025 futura
2359 1986 2432 2025 sint
2461 1985 2502 2024 in

1388 2039 1599 2076 aeternitate
1627 2038 1828 2088 praesentia
1858 2037 1951 2089 (a).

1741 2142 2022 2183 CAPUT
2095 2144 2146 2183 V.

1555 2250 1623 2287 An
1651 2249 1762 2289 Deus
1788 2259 2007 2303 cognoscat
2022 2249 2173 2302 futura
2201 2248 2324 2289 libera

1789 2304 2065 2342 conditionata
2081 2330 2092 2343 .

1441 2408 1507 2448 63.
1524 2388 1780 2453 Futurorum
1828 2411 2176 2450 conditionatorum
2204 2424 2322 2463 genus
2358 2411 2494 2449 consti-

1383 2463 1505 2500 tuitur
1533 2464 1674 2516 duplex
1692 2490 1701 2502 .
1745 2463 1833 2503 Alia
1862 2473 1975 2513 sunt,
2018 2479 2107 2517 quae
2137 2480 2159 2503 a
2186 2464 2402 2503 conditione
2431 2477 2493 2501 su-

1385 2517 1644 2567 spenduntur,
1675 2526 1801 2567 certo,
1832 2517 1866 2554 8<
1885 2517 2055 2556 absolute
2083 2518 2281 2571 ponenda3
2309 2525 2350 2554 ut
2373 2530 2493 2569 quan-

1384 2569 1432 2606 do
1453 2571 1629 2621 praedixit
1650 2570 1753 2608 Deus
1770 2601 1780 2619 ,
1809 2580 1950 2610 nostros
1970 2581 2252 2623 protoparentes
2273 2578 2393 2608 morte
2409 2582 2489 2607 mo-

1385 2624 1547 2673 rituros,
1590 2625 1620 2663 si
1650 2625 1808 2663 vetitum
1838 2625 2004 2662 fructum
2034 2625 2302 2668 comederent3
2346 2620 2379 2657 St
2408 2621 2491 2659 haec

1385 2676 1513 2714 futura
1540 2678 1659 2716 aDeo
1686 2678 1844 2716 omnino
1857 2678 2029 2728 cognosci
2059 2687 2171 2715 nemo
2198 2675 2372 2720 dubitat3
2401 2687 2491 2711 con-

1382 2729 1523 2768 ditione
1551 2733 1654 2769 enim
1686 2732 1804 2782 posita
1822 2762 1832 2780 ,
1862 2731 1942 2782 jam
1962 2738 2046 2769 sunt
2067 2730 2195 2767 futura
2224 2727 2421 2774 absolute3
2453 2727 2487 2763 8c

1383 2785 1466 2834 ipsa
1494 2785 1659 2822 conditio
1686 2793 1739 2822 est
1766 2784 1937 2823 absolute
1966 2784 2092 2822 futura
2109 2809 2119 2819 .

1437 2835 1503 2881 64.
1533 2837 1620 2876 Alia
1649 2838 1828 2876 dicuutur
1857 2839 1984 2876 futura
2012 2836 2287 2883 conditionate,
2323 2846 2490 2887 quorum

1384 2890 1550 2928 conditio
1576 2891 1751 2943 ponenda
1781 2904 1856 2929 non
1883 2899 1961 2939 est,
2004 2903 2168 2942 quaeque
2197 2889 2354 2941 proinde
2391 2901 2487 2925 nnn-

1384 2955 1500 2992 quam
1530 2954 1665 2990 erunt3
1706 2945 1768 2982 sed
1801 2945 1947 2992 forent,
1976 2944 2007 2983 si
2036 2953 2137 2981 certa
2165 2950 2369 2994 poneretur
2398 2954 2486 2978 con-

1381 2995 1500 3041 diti03
1531 2998 1632 3035 unde
1651 2997 1700 3036 ab
1720 2997 1915 3049 aliquibus
1935 3005 2118 3034 vocantur
2137 2998 2260 3048 potius
2275 2994 2461 3047 forentia
2475 3022 2487 3041 ,

1382 3061 1498 3100 quam
1530 3051 1678 3088 futura.
1708 3050 1748 3088 P.
1768 3061 1894 3089 autem
1923 3050 2127 3088 Edmundo
2156 3050 2327 3087 Simonet
2355 3047 2484 3085 Tratc.

1382 3102 1410 3138 l.
1443 3101 1491 3140 de
1511 3102 1598 3142 Deo
1628 3117 1705 3142 uno
1736 3105 1832 3157 disp.
1855 3105 1891 3142 5.
1920 3117 1958 3157 q.
1981 3103 2020 3149 4.
2051 3103 2195 3156 placuit
2223 3117 2267 3142 ea
2287 3100 2483 3155 appellare

2352 3154 2426 3207 fu·

1372 3270 1543 3295 creattzres
1572 3263 1682 3297 ‘romo
1709 3264 1768 3297 IV.
1788 3265 1877 3298 Sect.
1899 3263 1931 3297 6.
1958 3273 2033 3309 cap.
2062 3274 2093 3296 2.
2121 3276 2210 3297 nova
2233 3261 2382 3308 quadam
2408 3271 2481 3292 me-

1372 3307 1477 3342 thodo
1501 3310 1629 3342 claram
1645 3331 1656 3349 ‚
1686 3310 1955 3355 distinctamque
1981 3311 2093 3344 ideam
2119 3311 2259 3345 exhibet
2285 3306 2478 3352 praesentiae

1372 3366 1490 3389 rerum
1515 3367 1549 3389 in
1573 3366 1788 3392 aeternitate.
