2577 3633
2199 161 2256 194 XI

161 247 287 292 runt,
339 254 397 283 ex
431 236 569 300 iisque
606 236 798 299 pluri-ma·
832 236 876 282 in
912 251 1007 281 rem
1042 250 1168 280 suam
1206 234 1438 280 transferre
1481 251 1575 279 non
1611 232 1893 288 dubitarunt,
1954 251 2054 297 quae
2089 235 2249 281 scilieet
2286 251 2315 280 a

160 304 248 348 fide
284 303 512 350 Catholica
548 321 640 348 non
679 299 1019 350 discordabant:
1080 313 1127 346 ut
1164 301 1351 364 proinde
1389 301 1464 363 qui
1515 303 1570 347 ita
1606 301 1849 363 comparati
1886 313 2018 354 sunt,
2070 313 2118 346 ut
2154 319 2260 348 vera·
2290 319 2312 347 a

161 369 277 415 falsis
313 381 408 415 tuto
446 371 743 415 internoscere
780 370 980 423 valeant,
1028 368 1196 430 possint
1236 366 1412 411 illorum
1447 368 1655 430 exemplo
1692 385 1742 413 ea
1777 368 1908 412 etiam
1946 366 2222 415 eruditorum
2258 386 2312 414 0-

160 452 268 497 pera
301 436 476 498 legere,
512 436 587 498 qui
625 435 677 481 ab
715 435 930 481 'EcclesIae
967 435 1067 480 sinu
1105 433 1335 479 infeliciter
1369 444 1471 476 sunt
1505 434 1721 497 separati.

227 502 389 564 Neque
425 519 527 547 vero
566 501 675 547 mihi
713 503 866 565 aliquis
902 512 1120 563 oggcrat,
1153 518 1256 564 quae
1293 500 1346 543 de
1382 499 1530 543 studio
1565 517 1784 546 sacrarum
1814 499 2082 554 litterarum,
2119 501 2241 563 quod
2268 501 2313 548 in

162 566 420 629 Theologia
456 569 734 630 praecipuum
771 568 920 614 locum
961 565 1124 613 habere
1160 565 1289 610 debet
1311 601 1322 620 ,
1360 561 1432 608 hic
1458 563 1654 612 breviter·
1681 566 1830 628 attigi,
1867 566 1964 612 talia
1987 601 2000 620 ,
2035 583 2083 611 ac
2108 577 2225 612 tanta
2250 584 2322 613 es·-

159 650 232 687 se,
267 645 313 679 ut
350 635 530 695 longam
570 627 792 680 annorum
827 636 1021 689 seriem,
1064 633 1380 694 assiduumque
1418 630 1616 677 laborem
1653 636 1907 696 requirant.
1962 634 2024 679 lta
2060 631 2311 680 mehercle,

159 698 221 744 Et
258 700 366 762 quid
402 701 561 747 enim?
597 701 865 764 Putabitque
901 700 1078 762 aliquis,
1118 698 1314 752 bonum,
1350 697 1688 761 perfectumque
1714 700 2008 763 Theologum
2044 716 2135 745 esse
2161 701 2312 755 unius,

158 764 223 811 vel
261 784 505 829 paucorum
545 784 767 813 annorum
803 765 1049 813 {ceturam-‘r'
1084 765 1147 812 Et
1185 783 1285 810 cum
1324 764 1510 810 Sanctus
1536 765 1843 826 Augustinus,
1880 765 2167 829 ingeniorum
2192 767 2321 830 aqui-

156 831 197 876 la
234 835 392 880 merito
431 845 730 896 nuncupatus,
789 842 956 877 tantam
993 832 1209 877 invenerit
1243 832 1288 877 in
1325 830 1418 877 Dei
1450 830 1613 878 Verbo
1649 830 1920 876 altitudinem
1956 833 2212 896 sapientiae,
2265 843 2317 879 ut

156 900 480 946 annosissimis
497 935 507 953 ‚
557 898 865 954 acutissimis,
911 896 1316 961 flagrantissimis.
1345 897 1598 958 cupiditate
1631 897 1844 943 discendi
1875 897 1918 941 id
1954 900 2212 961 contingere
2248 899 2315 944 di-

156 966 294 1020 xerit,
354 965 475 1028 quod
512 964 843 1017 Ecclesiasticus
877 977 1035 1010 monet
1071 982 1166 1028 cap,
1203 965 1398 1012 XVIII.
1436 962 1508 1018 6.,
1562 981 1665 1010 cum
1711 967 2094 1010 consummaverit
2136 965 2276 1011 homo
2299 1002 2311 1022 ,

156 1040 265 1075 tunc
298 1030 515 1093 incipiem
575 1031 731 1095 aliquis
767 1042 973 1077 nostrum
1006 1031 1087 1076 sibi
1125 1031 1423 1086 ablandiatur,
1477 1048 1605 1093 posse
1641 1029 1760 1076 brevi
1798 1047 1927 1076 cursu
1963 1031 2020 1075 ad
2051 1030 2168 1076 illam
2203 1033 2311 1077 divi-

155 1113 318 1141 norum
357 1097 642 1144 oraculorum
678 1099 985 1160 cognitionem
1031 1098 1319 1162 pertingere,
1372 1115 1472 1161 quae
1510 1096 1739 1160 profundo
1777 1095 2030 1159 Theologo*
2073 1097 2312 1145 formando

150 1164 203 1208 sit
239 1163 378 1209 satis?
433 1167 596 1228 Apage
632 1183 793 1220 vanas,
847 1176 888 1210 et
925 1166 1195 1228 perniciosas
1231 1164 1532 1228 quorumdam
1569 1163 1936 1226 imaginationes!
1999 1162 2151 1210 Studia
2188 1162 2311 1219 haec,

151 1245 244 1292 quo
280 1229 454 1277 utiliora
490 1243 592 1277 sunt
614 1268 627 1286 ,
663 1249 716 1277 eo
753 1243 856 1278 sunt
892 1232 1168 1289 difficilior33
1207 1242 1247 1276 et
1284 1247 1374 1294 quo
1401 1230 1672 1284 difficiliora,
1709 1247 1764 1276 eo
1788 1228 2091 1287 diuturniora;
2125 1229 2201 1275 sed
2221 1248 2320 1293 quo-

149 1294 358 1352 utiliora,
394 1297 675 1355 difficiliora,
712 1316 761 1345 ac
786 1299 1102 1353 diuturniora,
1141 1315 1196 1343 eo
1232 1297 1469 1343 fortiorem
1504 1308 1753 1361 exposcunt
1787 1297 2019 1352 animum,
2060 1295 2311 1359 laborisque

149 1362 422 1425 patientem3
482 1366 640 1411 eodem
677 1377 910 1430 tempore,
967 1365 1211 1420 humilem,
1262 1365 1482 1419 docilem,
1534 1375 1769 1428 totumque
1804 1363 1893 1411 Dei
1929 1361 2080 1426 gratiae
2116 1361 2311 1408 submis-

150 1445 279 1485 sum,
338 1431 489 1477 omnis
525 1432 646 1478 enim
681 1433 911 1496 sapientia
947 1449 977 1478 a
1011 1432 1226 1478 Domino
1262 1435 1371 1477 Deo
1407 1441 1474 1478 est
1509 1429 1629 1477 Eccl.
1669 1432 1732 1485 l.;
1791 1442 1834 1475 et
1869 1447 1951 1476 nos
2002 1446 2099 1475 earn
2148 1446 2171 1473 a
2208 1429 2318 1476 Deo>

151 1507 469 1543 consecuturos
502 1516 679 1560 sperare
715 1495 956 1552 debemus,
994 1499 1028 1542 si
1065 1497 1247 1557 jugibus
1282 1496 1516 1558 precibus,
1553 1509 1758 1558 rectaque
1793 1496 1968 1541 vivendi
2003 1497 2176 1540 ratione
2200 1512 2315 1540 eam-

152 1562 254 1606 dem
291 1562 527 1623 impetrare
562 1575 839 1623 satagamus.
897 1562 1022 1615 Fz'lz',
1073 1561 1215 1623 inquit
1253 1560 1603 1608 Ecclesiasticus..
1641 1562 1743 1606 Fili
1773 1561 2097 1622 concupiscens
2129 1561 2311 1623 sapien-

153 1628 268 1672 tiam
290 1661 301 1679 ,
336 1642 553 1671 conserva
581 1625 817 1685 justitiam
840 1659 852 1677 ,
887 1635 931 1668 et
964 1628 1102 1668 Deus
1128 1624 1350 1684 praebebit
1382 1627 1514 1668 illam
1551 1627 1660 1669 tibi.
1700 1625 1764 1668 Π).
1801 1643 1910 1670 ve1s.
1947 1625 2024 1670 33.

224 1691 425 1736 Tantum
461 1706 566 1734 vero
602 1689 748 1743 abest,
796 1699 845 1733 ut
881 1704 954 1732 me
1001 1688 1243 1750 poeniteat,
1295 1687 1502 1748 longam,
1538 1688 1855 1751 difficilemque
1890 1707 2004 1734 verae
2040 1689 2319 1751 Theologiaer

151 1756 263 1803 viam
300 1753 424 1800 vobis
460 1753 740 1817 indigitasse,
777 1754 884 1818 quin
927 1756 1073 1816 potius
1109 1753 1294 1816 adigor,
1331 1770 1446 1799 nova
1483 1752 1629 1799 adhuc
1666 1754 1856 1816 adjicere
1892 1755 2033 1808 utilia,
2070 1771 2119 1800 ac
2154 1773 2314 1802 neces-

168 1824 257 1868 aria
293 1821 346 1867 ad
383 1821 680 1885 completam,
716 1823 1050 1886 perfectamque
1086 1819 1390 1883 theologicam
1426 1821 1652 1866 scientiam
1690 1822 1841 1866 animo
1871 1820 2224 1876 informandam3
2261 1840 2318 1868 ac·

147 1905 240 1952 prae
276 1887 428 1934 ceteris
463 1906 556 1934 non
593 1888 944 1952 perfunctoriam
966 1924 976 1943 ,
1011 1888 1087 1933 sed
1125 1887 1384 1949 diligentem
1409 1887 1725 1934 Ecclesiasticae
1745 1887 1957 1935 HistoriP
1981 1888 2317 1950 cognitionem,

148 1955 375 2018 praecipue
427 1972 533 2002 vero
570 1967 788 2019 quantum
841 1965 1007 2017 spectat
1043 1954 1097 2000 ad
1135 1954 1347 2001 Summos
1382 1953 1660 2010 Pontifices,
1713 1972 1961 2018 eorumque
1997 1955 2199 2011 decreta,
2255 1956 2313 2002 ad

150 2021 337 2068 Sanctos
385 2022 567 2078 Patres,
635 2022 690 2067 ad
734 2022 969 2075 Concilia,
1037 2022 1090 2066 ad
1144 2021 1343 2075 variam,
1412 2021 1661 2084 saepiusque
1723 2032 1936 2066 mutatam
1980 2021 2189 2068 Ecclesiae
2236 2022 2307 2067 di-

147 2089 410 2152 sciplinam,
467 2106 516 2135 ac
574 2089 828 2151 liturgiam,
888 2089 942 2132 ad
980 2086 1196 2142 haereses,
1262 2098 1302 2133 et
1354 2085 1622 2144 schismata,
1673 2087 1768 2133 sine
1822 2105 2010 2151 quarum
2047 2089 2308 2133 notitia-ve-

143 2171 219 2200 rus
259 2190 271 2211 ,
341 2175 390 2202 ac
443 2172 683 2218 germanus
738 2167 936 2201 veterum
988 2165 1431 2208 monumentorum,
1503 2166 1633 2216 atque
1686 2154 2002 2202 Ecclesiasticae
2061 2153 2315 2200 traditionis.

145 2237 298 2266 sensus
351 2222 536 2285 detegi,
607 2240 656 2268 ac
703 2233 824 2268 certo
876 2222 1161 2267 determinari
1213 2222 1317 2276 vix,
1378 2237 1426 2265 ac
1479 2237 1536 2264 ne
1572 2221 1646 2264 vix
1683 2222 1864 2283 quidem
1902 2232 2077 2283 potest.
2148 2223 2306 2268 Accu-

144 2298 283 2332 satam
322 2288 534 2335 Historiae
572 2282 718 2335 Sacrae
777 2289 1084 2350 cognitionem
1141 2288 1236 2333 sine
1286 2285 1444 2332 debitis
1480 2284 1833 2349 Chronologiae,
1891 2303 1940 2331 ac
1993 2285 2301 2348 Geographiae

143 2352 374 2410 subsidiis,
429 2373 529 2418 quae
565 2354 763 2401 historiae
801 2355 917 2401 oculi
954 2355 1164 2418 appellari
1198 2354 1364 2410 solent,
1424 2351 1577 2398 haberi
1613 2369 1706 2397 non
1743 2370 1870 2415 posse
1892 2390 1902 2407 ,
1960 2352 2084 2397 facite
2121 2349 2305 2415 quilibet

142 2419 387 2467 concedet.

208 2486 370 2549 Neque
408 2486 559 2532 inutile
593 2499 823 2550 postremo
860 2489 941 2534 erit
977 2488 1108 2534 breve
1155 2487 1337 2551 aliquod
1379 2486 1574 2532 studium
1626 2482 1821 2529 historiae
1872 2484 2092 2529 litterariae
2119 2521 2132 2539 ,
2199 2501 2301 2547 quae

141 2552 305 2599 variam
352 2551 624 2615 Theologiae
684 2554 950 2610 iomanem,
1020 2555 1349 2618 praecipuarum
1413 2550 1816 2599 controversiarum
1869 2561 2018 2596 ertum
2051 2587 2063 2603 ,
2133 2561 2175 2595 et
2226 2551 2301 2594 in-

143 2630 453 2675 crementum,
538 2619 766 2682 utriusque
818 2621 959 2683 partis>
1003 2621 1254 2684 praecipuos
1309 2632 1560 2685 patronOS,
1645 2635 1694 2662 ac
1746 2616 1939 2661 vindices
1992 2616 2122 2662 nobis
2174 2617 2304 2678 quasi*

139 2685 185 2730 in
230 2684 376 2731 tabula
411 2697 730 2750 repraesentat.
783 2686 893 2733 Non
930 2688 1094 2751 loquor
1147 2699 1297 2733 autem
1344 2688 1398 2733 de
1445 2684 1640 2733 futilibus
1695 2684 1806 2735 illis,
1877 2682 2132 2746 frivolisque
2171 2701 2299 2745 quae-

139 2751 380 2807 stionibus,
452 2771 552 2817 quae
606 2753 854 2800 otiosorum
892 2752 1272 2801 Scholastieorum
1321 2755 1428 2800 olim
1482 2751 1662 2812 ingeniav
1698 2749 1994 2803 exercebant,
2066 2768 2184 2794 nunc
2220 2767 2302 2794 ve·-

139 2835 193 2864 ro
245 2816 485 2882 sapienter
520 2818 756 2865 eliminatae
809 2832 950 2876 sunt,
1019 2839 1213 2885 quarum,
1256 2821 1388 2867 etiam
1439 2816 1654 2864 memoria
1700 2817 1794 2862 sine
1852 2816 1944 2861 ullo
1991 2814 2297 2877 Theologiae,

140 2896 214 2931 aut
252 2885 503 2949 Religionis
538 2886 770 2948 dispendio
816 2886 1038 2933 obliterari
1090 2899 1264 2951 potest.
1336 2886 1423 2935 Sed
1459 2884 1513 2929 de
1548 2884 1627 2937 iis,
1684 2901 1784 2947 quoe
1832 2884 1891 2928 ad
1933 2883 2097 2927 tuenda
2144 2893 2297 2927 contra

143 2969 303 2998 eorum
338 2963 625 3015 corruptores
675 2964 823 2999 nostra
875 2965 1021 3000 sancta
1075 2956 1316 3018 dogmata,
1378 2949 1585 2996 omnibus
1621 2949 1711 2996 fere
1755 2949 1925 2997 saeculis
1961 2960 2129 2994 exortae
2164 2960 2297 3002 sunt;

141 3029 183 3063 et
234 3036 334 3082 quae
371 3018 424 3064 ab
461 3018 819 3082 imprudentibus
853 3019 1147 3085 quibusdam,
1208 3035 1510 3081 novarumque
1557 3034 1707 3062 rerum
1744 3015 1915 3080 cupidis
1951 3032 2295 3078 nonnumquam

141 3099 198 3128 ex
232 3084 453 3131 cineribus
506 3085 860 3142 exsuscitantur,
915 3090 1048 3151 atffim
1084 3088 1216 3134 etiarn
1254 3087 1307 3132 de
1345 3087 1424 3139 iiS,
1483 3101 1583 3147 quae
1621 3100 1648 3127 a
1681 3083 1822 3128 inulto
1858 3083 1948 3143 jam
1987 3093 2190 3144 tempore
2226 3099 2295 3126 exa

142 3148 279 3197 citatae
314 3153 510 3199 Ecclesia
546 3152 828 3215 permittente
878 3155 922 3199 in
962 3153 1136 3200 scholis
1172 3151 1437 3203 Catholicis,
1492 3151 1610 3195 salvo
1661 3150 1794 3204 fidei,
1857 3159 1901 3194 et
1934 3146 2155 3193 charitatis
2199 3148 2294 3190 vin-

144 3214 244 3259 culo
279 3218 423 3264 adhuc
460 3219 731 3282 perdurant.
766 3220 865 3268 Nec
898 3237 1059 3285 parum
1095 3221 1276 3268 interest
1308 3235 1463 3275 nosse,
1499 3216 1711 3282 quando,
1751 3234 1776 3262 a
1798 3214 1986 3280 quibus,
2024 3225 2067 3260 et
2103 3230 2188 3278 qua
2225 3230 2292 3257 0c=

139 3281 314 3328 casione
350 3297 457 3332 ortae
495 3284 683 3341 fuerint,
2142 3343 2208 3394 V·

2196 3362 2224 3387 1-
