2577 3633
856 50 1018 101 DEUS
1051 50 1168 99 EST
1202 49 1623 107 INCORPOREUS
1637 85 1648 99 .

91 140 180 186 Deo
194 141 434 180 incarnato.
464 131 540 174 Sed
558 130 715 177 infirma
735 129 880 184 nimis,
910 142 951 174 ut
976 144 1067 187 puto
1083 166 1092 183 ‚
1124 132 1209 175 haec

93 207 148 236 est
177 194 393 245 conjectura
421 189 469 227 ad
505 187 799 227 convellendam
841 197 919 227 tam
964 189 1134 238 claram,
1176 189 1210 226 St

93 258 265 305 apertam
286 243 462 296 Origenis
490 243 801 281 accusationem.
829 240 960 281 Primo
989 245 1093 282 enim
1122 245 1210 296 quis

92 311 193 346 certo
221 310 388 343 asserere
416 296 581 344 audeat,
624 295 830 348 Origenem
859 299 1011 338 nonnisi
1055 297 1212 337 titulum

93 357 201 398 illius
221 344 346 405 operis
376 351 514 391 vidisse
531 379 543 398 ‚
571 362 650 388 non
680 364 771 388 vero
784 349 918 402 legisse
937 365 1033 404 opus
1054 351 1212 403 ipsum?

89 408 267 451 Secundo
283 404 380 444 unde
398 405 553 452 scimus,
582 402 685 442 hunc
706 404 852 443 librum
883 406 971 454 περὶ
999 401 1213 460 &panuh-3

91 465 172 506 Θιᾶ
203 461 319 500 fuisse
347 457 397 497 de
426 454 514 496 Deo
542 459 786 506 incarnato,
829 457 865 496 δι
893 470 968 496 non
1010 460 1135 510 potius
1165 458 1213 496 cie

90 516 181 556 Deo
210 510 421 566 corporeo?
449 524 576 564 graeca
595 513 701 550 enim
731 511 878 564 phrasis
907 522 1113 563 utrumque
1128 526 1212 551 sen*

89 585 178 612 sum
206 570 372 622 patitur:
414 579 483 604 nec
516 564 662 603 Ruffini
692 565 925 614 aucfflritas,
954 568 1022 618 qui
1052 581 1096 604 ea
1126 580 1212 605 ver..

90 624 142 665 ba
167 623 289 662 latine
319 621 430 660 vertit
458 617 508 657 (le
527 617 617 656 Deo
637 631 801 671 corpore
828 616 988 668 induto,
1018 629 1120 659 tanta
1135 629 1210 668 est,

92 687 133 716 ut
161 676 219 715 illi
242 676 486 728 acquiescere
513 674 673 711 omnino
692 674 902 714 debeamus
918 699 929 712 .
960 673 1030 714 Res
1060 674 1110 715 ad
1137 675 1211 713 mi.-

92 745 165 771 nus
194 730 306 773 valde
334 728 456 768 dubia
484 735 538 766 est
568 727 662 779 (a).

391 831 475 874 DE
507 830 912 873 TERTULLIANO
928 860 940 873 .

145 946 214 1001 96.
231 920 420 997 Major,
450 940 484 978 &
512 937 710 980 difficilior
737 949 790 979 est
819 939 1017 994 inquisitio
1044 941 1091 980 de
1120 940 1216 980 Ter-

89 1002 247 1041 tulliani
263 1009 385 1038 mente
403 1026 414 1044 ‚
443 997 513 1047 qui
535 994 687 1033 saeculis
708 995 758 1033 II.
780 994 813 1030 ἃ
836 994 901 1033 III.
933 1009 1052 1048 usque
1081 998 1129 1034 ad
1146 1012 1215 1035 an-

92 1069 188 1096 uum
220 1066 311 1092 220.
341 1052 382 1089 in
413 1047 588 1088 Ecclesia
617 1048 802 1088 Africana
847 1048 1005 1088 floruit.
1052 1049 1215 1090 Sanctus

89 1108 326 1160 Augustinus
356 1103 446 1142 Lib.
481 1101 535 1141 Χ.
565 1100 614 1141 de
646 1101 796 1141 Genesi
836 1102 894 1141 ad
934 1104 1097 1142 literam
1126 1119 1212 1158 cap.

90 1163 157 1202 25.
186 1161 230 1199 de
258 1172 303 1198 eo
332 1156 416 1196 haec
446 1154 586 1195 habet:
623 1169 764 1207 corpus
793 1170 880 1196 esse
908 1162 1099 1196 animam
1128 1171 1214 1197 cre·

88 1215 216 1255 didit.
233 1240 244 1252 .
263 1224 391 1252 ..nec
420 1208 469 1248 de
498 1208 586 1248 Deo
616 1211 732 1250 rolicti
760 1212 880 1250 aliter
908 1223 1052 1264 sapere
1061 1227 1078 1258 ,-
1105 1211 1140 1251 ἃ
1162 1213 1214 1252 E-

88 1273 178 1323 pist.
194 1266 311 1306 CXC.
353 1265 402 1305 ad
431 1265 618 1317 Optatum
661 1266 885 1304 mirandum
921 1280 997 1305 non
1025 1281 1104 1306 esse
1133 1268 1213 1317 ait,

90 1322 381 1362 Tertullianum
410 1320 615 1358 somniasse
644 1320 817 1358 animam
846 1334 924 1359 esse
953 1333 1179 1374 corpoream
1201 1351 1213 1370 ‚

94 1381 159 1428 qui
187 1380 315 1415 etiam
342 1378 471 1425 ipsum
501 1382 730 1411 creatorem
758 1373 894 1412 Deum
924 1388 1007 1412 non
1037 1388 1123 1413 esse
1152 1379 1213 1413 ni-

92 1435 126 1469 si
153 1443 291 1481 corpus
311 1432 519 1481 opinatur.
549 1427 734 1480 Idemque
762 1429 898 1481 repetit
913 1429 1003 1468 Lib.
1025 1430 1074 1468 11.
1103 1428 1151 1467 de
1167 1442 1213 1467 a-

91 1489 232 1533 nima,
259 1484 310 1524 (9¹
340 1484 427 1536 ejus
455 1483 609 1534 origine
637 1495 723 1535 cap.
742 1481 778 1520 5.

177 1553 216 1576 ³⁷.
244 1537 351 1576 Idem
380 1544 508 1574 tamen
536 1535 578 1574 S.
608 1533 718 1573 Pater
745 1536 786 1572 in
802 1534 892 1573 Lib.
923 1533 972 1573 cle
1001 1532 1214 1573 hoeresibus

92 1570 269 1645 capsssss.
299 1591 353 1628 ita
380 1589 426 1626 de
447 1586 690 1624 Tertulliano
718 1589 871 1625 statuit:
899 1592 1090 1625 animam
1119 1587 1214 1626 dicit

91 1643 374 1682 immortalem
402 1637 584 1691 quidem,
613 1638 684 1676 sed
704 1651 801 1677 eam
830 1652 972 1690 corpus
1001 1654 1090 1678 esse
1119 1655 1214 1679 con-

89 1696 246 1736 tendit:
288 1706 416 1744 neque
445 1692 550 1729 lianc
579 1699 764 1738 tantum,
806 1691 879 1728 sed
915 1697 1043 1741 ipsum
1087 1696 1213 1730 etiarn

90 1750 227 1788 Deum
240 1774 250 1786 .
278 1743 367 1786 Nec
387 1754 529 1782 tamen
549 1741 640 1780 hinc
660 1740 856 1780 hereticus
876 1741 1017 1782 dicitur
1033 1743 1182 1796 factus
1197 1760 1212 1790 ,-

88 1810 221 1854 posset
248 1787 360 1838 enim
388 1809 540 1849 quoquo
576 1794 697 1834 modo
723 1800 880 1846 putari,
925 1801 1057 1849 ipsam
1092 1808 1213 1839 natu-

87 1869 182 1894 ram
205 1885 215 1904 ,
256 1852 606 1902 substantiamque
648 1849 828 1888 diuinam
857 1863 997 1903 corpus
1034 1865 1177 1892 vocare
1197 1884 1209 1903 ,

89 1923 172 1948 non
200 1909 282 1947 tale
311 1918 474 1958 corpus,
504 1906 618 1957 cujus
645 1913 783 1955 partes
811 1905 908 1944 alioe
930 1908 1132 1960 majores,
1162 1920 1210 1945 a—

89 1964 155 2002 ltae
184 1966 361 2001 minores
389 1959 554 1999 valeant
573 1989 585 2008 ‚
615 1959 674 1997 vel
694 1957 866 1997 debeant
885 1964 1079 2014 cogitari,
1110 1975 1208 2012 qua-

86 2017 143 2056 lia
171 2025 263 2056 sunt
292 2019 461 2063 omnia,
504 2023 596 2065 quoe
625 2016 780 2066 proprie
808 2012 978 2054 dicimus
1006 2027 1175 2065 corpora
1192 2029 1207 2053 .·

84 2074 267 2124 quamvis
295 2068 344 2108 de
374 2070 522 2107 anima
542 2066 624 2106 tale
653 2066 815 2119 aliquod
833 2074 984 2108 sentiat
1000 2096 1011 2107 .
1041 2069 1121 2108 Sed
1139 2083 1206 2122 ρο-

84 2130 184 2174 tuit,
214 2134 255 2163 ut
283 2121 392 2172 dixi,
420 2129 633 2174 propterea
661 2126 796 2172 putari
825 2135 965 2173 corpus
985 2121 1119 2162 Deum
1149 2123 1208 2162 dt-

86 2192 204 2229 cere,
233 2182 329 2231 quia
357 2190 438 2215 non
468 2184 528 2214 est
549 2174 667 2224 nihil,
698 2189 779 2213 non
809 2186 868 2214 est
889 2181 1096 2225 inanitas‚
1127 2191 1208 2215 non

85 2242 146 2272 est
174 2235 347 2284 corporis
368 2261 380 2280 ‚
422 2230 480 2269 rel
507 2232 665 2271 animae
705 2230 911 2282 qualitas,
955 2231 1027 2270 sed
1069 2230 1208 2284 ubique

85 2295 187 2325 totus
215 2287 304 2327 (9⁶0.

142 2339 209 2393 98.
239 2335 529 2378 Tertullianum
579 2336 987 2391 Anthropomorphitis
1037 2347 1207 2378 accenset

85 2392 310 2432 Gennadius
339 2391 388 2429 de
409 2391 588 2442 dogmat.
617 2393 900 2431 ecclesiasticis
920 2407 956 2432 c.
976 2392 1015 2441 4.
1046 2392 1087 2432 S.
1110 2392 1140 2431 F
1147 2393 1205 2430 ul-

86 2449 237 2498 gentius
258 2446 348 2485 Lib.
371 2442 418 2482 cle
438 2449 603 2484 veritate
621 2445 988 2495 praedestinationis
1005 2478 1015 2497 ‚
1044 2446 1094 2488 <9¹
1108 2460 1205 2499 gra-

87 2504 154 2540 tiae
186 2514 274 2553 cap.
309 2512 374 2539 21.
405 2498 439 2535 8<
468 2496 509 2538 S.
540 2497 710 2537 Thomas
738 2499 829 2540 Lib.
857 2500 888 2540 I.
935 2500 1048 2541 Cont.
1083 2500 1204 2540 Gent.

140 2658 189 2694 (a)
215 2652 423 2687 Melitonem
448 2651 515 2686 hac
542 2651 579 2685 in
605 2659 705 2697 parte
733 2651 877 2698 culpant
896 2667 937 2689 ex
964 2654 1221 2691 recentioribus

88 2698 180 2733 Phil.
209 2701 372 2735 Labbeus
408 2702 453 2733 de
480 2699 656 2742 Scriptor.
682 2698 827 2733 Eccles.
853 2702 955 2735 Joan.
982 2702 1082 2747 Bapt.
1118 2705 1222 2737 Cote-

87 2745 198 2781 lerius
225 2748 262 2780 in
288 2755 360 2781 not.
386 2745 429 2780 ad
449 2747 617 2780 Clement.
640 2745 743 2779 Hom.
771 2748 904 2781 XVIII.
926 2748 1035 2782 Henr.
1056 2750 1221 2783 Valesius

91 2795 128 2826 in
154 2802 226 2828 not.
253 2791 297 2827 ad
325 2793 403 2827 Lib.
432 2794 493 2826 1V.
520 2793 620 2826 Htst.
639 2791 858 2828 Ecclesiast.
885 2795 1030 2829 Eusebii
1059 2808 1134 2842 cap.
1163 2798 1220 2830 26.

91 2840 256 2874 Petavins
279 2841 358 2874 Lib.
379 2842 423 2874 ll.
451 2842 494 2873 de
514 2839 592 2873 Deo
619 2850 696 2884 cap.
725 2851 754 2873 1.
782 2853 816 2874 n.
843 2841 877 2884 4.
906 2843 940 2875 Ρ.
959 2841 1054 2877 Berti
1076 2843 1156 2878 Lib.
1176 2846 1219 2877 II.

88 2888 133 2920 cle
160 2887 267 2921 theol.
286 2889 433 2931 discipl.
452 2897 528 2932 cap.
550 2897 582 2919 2.
601 2897 702 2932 prop.
725 2898 754 2920 1.
779 2899 821 2921 ex
845 2888 1069 2923 heterodoxis
1097 2899 1220 2925 autem

89 2932 275 2967 Fabricius
296 2935 332 2967 in
350 2934 563 2968 Bibliothec.
583 2946 693 2979 graecu
719 2934 820 2967 Tom.
839 2935 884 2969 V.
906 2938 1042 2970 caveus
1062 2939 1097 2971 in
1118 2937 1218 2972 Hist.

90 2978 217 3013 Litter.
245 2982 403 3014 Clericus
431 2979 473 3014 ad
501 2992 583 3013 ann.
614 2979 692 3023 ¹49·
721 2982 751 3012 δε
778 2980 838 3014 alii
864 2982 992 3016 multi.
1035 2984 1217 3018 Excusant

93 3034 209 3058 autent
235 3028 358 3060 Sixtus
378 3027 540 3060 Senensis
568 3026 646 3061 Lib.
665 3027 709 3060 V.
736 3027 905 3061 Biblioth.
935 3030 1070 3065 Sanctae
1096 3039 1215 3064 annot.

97 3071 151 3102 18-
176 3075 235 3116 qui
263 3082 381 3107 tamen
400 3096 410 3114 ‚
436 3083 475 3107 ut
502 3074 537 3106 P.
564 3073 714 3107 Milante
741 3073 871 3108 ibidem
898 3073 1066 3117 adnotat,
1091 3078 1219 3111 vitioso

93 3115 210 3149 codice
228 3117 393 3165 deceptus
418 3129 496 3161 est,
523 3129 649 3164 putans
675 3120 782 3154 verba
801 3122 963 3166 Origenis
990 3121 1082 3168 apud
1103 3124 1218 3157 Theo-

93 3160 255 3196 doretum
281 3167 330 3199 ita
354 3178 429 3199 esse
456 3165 623 3211 legenda:
665 3166 795 3200 Melita
823 3168 969 3212 Scripta
1004 3173 1147 3215 reliquit
1173 3173 1217 3206 de

96 3221 158 3248 eo,
178 3212 265 3251 <fund
282 3214 413 3246 dicitur
427 3235 437 3254 ,
457 3213 533 3250 Deo
553 3225 675 3258 corpus
695 3217 833 3255 inesse,
853 3215 958 3248 Card.
978 3217 1101 3250 Orsius
1116 3217 1215 3251 Hise.

93 3252 311 3289 Ecclesiast.
340 3259 417 3292 Lib.
454 3260 514 3293 IV.
555 3262 587 3302 §.
615 3260 672 3293 25.
710 3272 749 3293 ac
788 3259 937 3306 denique
970 3264 1087 3308 plures
1126 3264 1218 3298 inter

90 3301 318 3338 scholasticos
340 3304 556 3352 Theologos,
584 3315 619 3340 ut
641 3307 792 3347 Emicat,
821 3307 843 3340 l’
860 3309 1083 3350 Hermssnier,
1103 3308 1218 3345 Tour-

2284 66 2340 111 15

1277 148 1364 188 cap.
1388 149 1451 175 20.
1481 136 1531 175 Et
1558 137 1716 189 quidem
1745 144 1919 178 sexcenta
1948 139 2061 192 plane
2089 137 2174 181 loca
2203 152 2316 195 sunt,
2355 148 2395 191 itt

1279 190 1421 243 quibus
1451 189 1715 229 Tertullianus
1735 189 1862 230 Deum
1893 207 1969 232 esse
1999 208 2136 249 corpus
2165 201 2318 247 statuit,
2347 199 2391 238 li-

1278 252 1337 282 cet
1364 256 1438 282 non
1468 257 1691 293 commune,
1735 243 1771 280 δε
1799 245 1984 298 vulgare,
2032 251 2095 288 sed
2123 250 2182 290 sui
2219 253 2396 305 generis⁵

1278 299 1468 349 quomodo
1510 301 1625 338 etiam
1655 298 1846 352 Spiritum
1876 313 2015 353 corpus
2045 317 2120 341 esse
2158 307 2216 344 sui
2246 308 2397 359 generis

1281 359 1413 402 putat:
1443 353 1591 391 videtur
1621 355 1721 392 enim
1752 351 1815 392 hic
1835 355 1997 406 scriptor
2025 358 2124 396 nihil
2155 361 2227 398 nisi
2256 372 2398 413 corpus

1281 403 1506 444 admittere.
1539 407 1698 457 Omne,
1727 405 1830 459 quod
1857 418 1942 457 est,
1973 410 2098 462 inquit
2121 411 2207 451 Lib.
2238 412 2287 452 de
2307 427 2400 452 car*

1282 469 1333 494 ne
1366 456 1508 496 Christi
1537 475 1623 514 cap.
1652 475 1711 500 11.
1741 472 1881 514 corpus
1910 471 1968 500 est
1997 467 2057 501 sui
2084 471 2270 517 generis:
2300 467 2398 507 nihil

1281 519 1340 549 est
1371 513 1659 562 incorporaliile
1677 545 1687 564 ‚
1716 518 1794 554 nisi
1822 515 1925 569 quod
1954 531 2033 555 non
2062 528 2150 557 est.

1334 578 1400 618 99.
1431 566 1510 613 Qui
1541 567 1823 608 Tertullianum
1853 586 1875 608 a
1905 579 1982 609 tam
2027 585 2151 611 crasso
2193 587 2319 613 errore
2348 575 2400 614 li..

1277 615 1414 656 berar-e
1444 619 1593 658 student
1611 652 1620 669 ,
1651 624 1811 673 dicunt,
1841 638 1932 663 eum
1960 627 2112 664 nomine
2142 629 2312 679 corporis
2341 631 2398 667 in-

1280 671 1472 711 tellexisse
1500 673 1753 714 substantiam
1773 709 1782 727 ,
1815 688 1924 730 prout
1954 679 2076 718 nihilo
2103 682 2333 734 opponitur,
2362 682 2397 719 St

1279 738 1462 777 maguam
1493 729 1574 766 vim
1613 728 1759 766 faciunt
1790 733 1826 768 iu
1857 733 1976 772 simili
2022 747 2172 785 prorsus
2216 734 2401 788 loquendi

1279 781 1422 829 modo,
1465 795 1582 833 quem
1619 781 1796 821 adhibuit
1833 786 1976 824 saeculo
1996 788 2065 827 IV.
2095 788 2136 828 S.
2166 787 2401 831 Phaehadius

1283 833 1515 886 Agennensis
1545 833 1758 888 Episcopus
1787 839 1827 874 in
1857 838 1943 879 Lib.
1975 852 2106 881 contra
2136 843 2294 882 Arianos
2317 842 2403 896 (b).

1281 885 1357 925 Sed
1387 888 1570 927 mirabile
1600 891 1773 938 videtur,
1805 889 2088 934 Tertullianum
2119 895 2227 936 latini
2257 912 2400 936 sermo-

1283 941 1341 980 nis
1370 942 1531 980 minime
1561 944 1738 995 ignarum
1769 957 1908 983 nomen
1951 952 2118 1000 corporis
2162 960 2240 989 tam
2269 965 2398 1005 saepe,

1282 996 1406 1033 immo
1433 1011 1583 1049 semper
1627 1011 1827 1051 usurpasse
1855 1000 1903 1037 ad
1932 1000 2106 1041 divinam
2148 1005 2401 1044 substantiam

1283 1049 1606 1102 significandam3
1655 1052 1688 1088 8<
1718 1054 1748 1091 si
1792 1054 2020 1106 quandoque
2050 1057 2175 1095 Deum
2218 1062 2401 1112 spiritum.

1282 1104 1478 1156 appellat,
1507 1119 1555 1142 ne
1584 1119 1606 1143 a
1627 1119 1824 1144 sacrarum
1852 1107 2140 1160 Scripturarum
2174 1111 2301 1164 phrasi
2331 1113 2399 1152 ab-

1283 1155 1440 1195 horrere
1463 1158 1636 1197 videatur
1654 1190 1664 1209 ,
1695 1162 1821 1199 statim
1852 1161 2017 1214 adjicere
2034 1193 2044 1212 ‚
2074 1167 2189 1203 etiam
2210 1167 2401 1219 Spiritum

1281 1223 1358 1250 esse
1388 1225 1526 1265 corpus
1557 1213 1613 1265 (c)
1633 1240 1643 1252 .

1681 1319 1765 1360 DE
1796 1320 1977 1363 AUDIO
1994 1351 2003 1363 .

1342 1439 1430 1466 100.
1450 1403 1658 1478 Auditis,
1691 1430 1749 1469 vel
1768 1430 1938 1469 Audaeus
1959 1432 2102 1471 saeculo
2125 1432 2191 1471 1V.
2212 1448 2285 1474 una
2307 1448 2398 1476 cuin

1282 1478 1461 1532 pluribus
1491 1483 1645 1521 asseclis
1674 1499 1710 1521 se
1740 1485 1789 1522 ab
1821 1485 1994 1523 Ecclesia
2031 1490 2248 1537 separavit,
2292 1488 2325 1525 8c
2359 1492 2398 1528 in

1281 1533 1483 1571 schismate
1513 1535 1560 1572 ab
1585 1534 1777 1588 Episcopo
1806 1540 1949 1588 pariter
1977 1539 2220 1578 schismatico
2241 1542 2399 1593 Ερίεςοὲ

1281 1599 1352 1637 pus
1382 1587 1502 1625 factus
1531 1597 1609 1626 est.
1648 1589 1746 1626 Cum
1780 1600 1907 1633 autem
1939 1592 2100 1643 populos
2129 1593 2179 1630 ab
2211 1595 2396 1634 Ecclesiae

1280 1639 1464 1690 obsequio
1506 1641 1736 1689 retraheret,
1785 1659 1808 1681 a
1844 1644 2089 1684 Constantino
2131 1647 2312 1698 Imperat.
2357 1652 2396 1688 in

1280 1689 1480 1741 Scythiam
1512 1692 1698 1743 relegatus
1727 1703 1805 1732 est.
1838 1696 1932 1733 Haec
1963 1708 2130 1736 constant
2160 1714 2204 1736 cx
2233 1702 2273 1738 S.
2304 1702 2399 1754 Epi-

1280 1741 1425 1794 phanio
1442 1741 1603 1782 Haerest
1626 1745 1751 1783 LXX.
1775 1757 1904 1785 utrum
1935 1761 2025 1786 vero
2055 1753 2092 1789 in
2126 1751 2304 1793 haeresim
2321 1756 2397 1793 An-

1281 1793 1721 1850 thropomorphitarunr‘
1736 1801 1934 1851 inciderit,
1965 1806 2127 1855 quaestio
2156 1815 2234 1844 est.

1341 1862 1429 1889 101.
1460 1851 1720 1891 Theodoretus
1744 1854 1830 1893 Lib.
1853 1856 1921 1894 IV.
1953 1853 2253 1897 Haereticarum
2272 1860 2396 1913 fabu-

1278 1902 1414 1942 larum
1442 1919 1528 1958 cap.
1556 1919 1616 1944 to.
1648 1906 1799 1946 Auditis
1828 1910 1984 1961 quidem
2004 1942 2014 1960 ‚
2055 1913 2180 1965 iuquit
2198 1945 2207 1962 ‚
2239 1929 2291 1952 ex
2321 1917 2400 1969 Sy«

1276 1961 1340 1996 ria
1371 1967 1488 1998 trans
1517 1957 1770 2012 Euphratem
1799 1973 1908 2001 ortus
1939 1964 2074 2002 Deum
2103 1966 2287 2006 saumana
2314 1969 2398 2019 for-

1277 2024 1350 2050 ma
1379 2026 1466 2052 esse
1494 2014 1653 2065 (locuit,
1685 2016 1735 2057 <90
1755 2023 1928 2068 corporis
1948 2020 2003 2056 illi
2033 2020 2216 2059 membra
2245 2017 2398 2072 tribuis.

1276 2066 1391 2106 stulte
1411 2068 1665 2122 intelligens,
1696 2083 1786 2121 quae
1814 2085 1884 2123 per
1899 2074 2324 2115 accommodationem
2355 2083 2390 2115 ir«

1277 2118 1411 2159 <lirina
1439 2126 1639 2173 scriptura
1668 2123 1779 2163 dicta
1807 2136 1922 2165 sunt.
1952 2128 1992 2166 S.
2015 2138 2141 2166 autem
2165 2131 2397 2183 Augustinus

1276 2171 1438 2213 Haeres.
1460 2176 1490 2214 Ι.
1533 2176 1582 2214 ‹le
1614 2173 1841 2228 Vadimus,
1885 2195 1951 2218 seu
1983 2182 2167 2221 Audianis
2187 2215 2197 2232 ,
2243 2179 2398 2223 Vatlt'a-

1274 2240 1349 2266 νιος
1366 2258 1376 2277 ,
1408 2230 1561 2281 inquit,
1591 2243 1687 2281 quos
1715 2235 1893 2284 appellat
1923 2231 2195 2287 Epiphanius,
2225 2238 2275 2278 ἔθ’
2300 2236 2397 2276 solii-

1276 2285 1498 2331 smaticos,
1529 2296 1608 2321 non
1639 2283 1848 2325 haereticos
1877 2289 1954 2325 vult
1984 2287 2125 2338 wideri,
2156 2291 2226 2328 alii
2254 2303 2396 2329 vocant:

1274 2335 1703 2389 Arztlzropomorpltiras
1720 2369 1730 2387 ,
1759 2345 1952 2390 quoniam
1969 2341 2102 2378 Deum
2130 2343 2393 2398 sibifingunt

1274 2394 1519 2444 cogitatione
1548 2393 1728 2441 carnali,
1766 2397 1808 2430 in
1837 2394 2138 2433 similitudinem
2168 2399 2396 2449 corruptibi-

1275 2444 1322 2482 lis
1352 2442 1550 2494 hominis,
1600 2444 1700 2496 quod
1727 2451 1940 2485 rusticitati
1969 2462 2106 2487 eorum
2135 2448 2267 2489 tribuit
2297 2452 2395 2503 Epi-

1273 2497 1467 2550 plzanius.
1512 2501 1720 2552 Augustino
1762 2502 1940 2541 consentit
1978 2502 2186 2543 Facundus
2217 2506 2394 2546 Hermia-

2250 2573 2340 2598 nen-

1275 2652 1388 2688 nelius
1405 2676 1417 2695 ‚
1443 2654 1653 2694 Witassius,
1679 2651 1836 2700 aliique,
1872 2656 1999 2700 qulbus
2027 2659 2200 2691 consentit
2225 2656 2332 2693 etiam
2360 2662 2397 2694 P.

1276 2701 1432 2735 Thomas
1458 2702 1561 2734 Vinc.
1589 2701 1758 2745 Moniglia
1783 2702 1941 2736 Dissert.
1971 2712 2092 2737 contra
2120 2710 2132 2738 i
2158 2706 2396 2742 Materialistt'

1275 2749 1379 2782 ¹I'om.
1407 2750 1432 2781 I.
1461 2749 1494 2781 P.
1524 2758 1553 2779 2.
1580 2759 1647 2780 ser.
1676 2745 1707 2780 5.
1734 2758 1866 2782 osserv.
1891 2750 1924 2784 8.

1325 2796 1372 2835 (b)
1398 2796 1463 2829 Hic
1493 2792 1583 2827 liber
1615 2801 1751 2838 prostat
1789 2796 1825 2829 in
1853 2796 1955 2830 Tom.
1983 2797 2044 2831 IV.
2066 2794 2292 2832 BibliOthecae
2329 2800 2395 2835 Pa..

1273 2850 1392 2876 trum.
1420 2841 1590 2885 Sulpitius
1618 2849 1734 2877 autem
1754 2843 1901 2877 Severus
1923 2844 1999 2877 Lib.
2018 2846 2061 2878 II.
2088 2844 2186 2878 Hist.
2214 2846 2306 2879 Eum
2330 2860 2395 2881 veo

1273 2898 1329 2922 cat
1355 2886 1584 2932 Foegadium‚
1611 2888 1671 2920 alii
1698 2896 1816 2922 autem
1845 2889 2072 2924 Soebadium.

1323 2941 1371 2975 (c)
1396 2935 1448 2968 Ex
1475 2930 1728 2968 recentioribus
1761 2935 2024 2970 Tertullianum
2051 2935 2115 2970 hac
2144 2938 2179 2971 in
2207 2948 2306 2984 parte
2333 2952 2393 2974 acn

1271 2990 1394 3015 cusant
1421 2980 1568 3013 Huetius
1595 2981 1628 3013 in
1656 2982 1874 3027 Origenialis
1902 2984 1979 3017 Lib.
2008 2985 2050 3017 Il.
2076 2984 2144 3027 Qu.
2175 2996 2204 3017 1.
2231 2998 2329 3019 num.
2356 2983 2389 3021 3.

1271 3029 1433 3062 Petavius
1456 3026 1533 3059 Lib.
1553 3028 1596 3060 II.
1623 3029 1666 3061 de
1686 3027 1762 3062 Deo
1783 3042 1859 3074 cap.
1877 3042 1910 3063 1.
1937 3028 2031 3063 Bet-ti
2052 3031 2131 3064 Lib.
2151 3032 2192 3064 Π.
2222 3034 2266 3065 tle
2284 3034 2387 3066 theol-

1272 3078 1401 3117 discip.
1422 3085 1496 3118 cap.
1520 3082 1552 3105 2.
1569 3084 1667 3119 prop.
1688 3085 1718 3107 2.
1746 3085 1916 3110 excusant
1943 3085 2061 3110 autem
2078 3077 2218 3111 Natalis
2239 3080 2391 3113 Alexam

1271 3121 1332 3155 der
1358 3121 1507 3153 Dissert.
1529 3121 1591 3154 lX.
1618 3122 1653 3154 in
1679 3123 1754 3155 Sec.
1773 3123 1813 3156 II.
1840 3124 1942 3156 artic.
1970 3133 2000 3154 2.
2028 3124 2201 3157 pamelius
2228 3126 2262 3157 in
2284 3125 2390 3158 Para*

1271 3170 1375 3201 doxis
1395 3164 1601 3200 Tertulliani
1629 3178 1725 3201 num.
1757 3168 1809 3201 15.
1830 3169 1989 3213 Vasquez
2017 3170 2051 3202 in
2084 3181 2111 3203 1.
2134 3171 2227 3203 Part.
2246 3173 2386 3215 Disput-

1270 3215 1370 3249 XXI.
1398 3225 1427 3246 c.
1459 3225 1489 3246 1.
1515 3215 1730 3255 Witassius,
1768 3215 2033 3257 l’Herminier,
2069 3217 2273 3262 Tourxoety,
2299 3219 2386 3250 Bou-

1272 3270 1353 3301 (ται,
1391 3260 1552 3301 Fet-rari,
1589 3263 1620 3293 ἃ
1646 3261 1681 3294 Ρ.
1708 3260 1878 3307 Moniglia
1906 3262 2062 3297 Dissert.
2099 3273 2219 3299 contra
2243 3269 2256 3297 i
2282 3271 2385 3297 renate*

1271 3310 1405 3341 rialistz'
1433 3306 1534 3347 Tom-
1563 3309 1586 3342 l.
1614 3319 1692 3353 pag.
1722 3309 1802 3343 352.
1831 3322 1902 3354 seq.
