2577 3633
308 147 360 191 ΘΟ
985 124 1388 172 mssER‘rArro·
1406 125 1483 173 111.
1531 122 1658 171 cAP.
1682 121 1781 170 vn.

245 218 321 252 nris
352 219 509 248 naturae
530 239 540 257 ‚
569 209 618 249 ὅ)
639 210 774 246 inertis
804 215 947 257 terrm,
976 206 1150 258 purtibus
1179 213 1348 246 crassio-

245 267 345 303 ribus
374 266 604 301 commixtis
633 275 722 299 cum
753 261 949 300 les-toribus
973 259 1168 313 jacebunt
1190 291 1200 309 ,
1231 261 1347 310 idea,

243 320 292 358 (ἱ)
322 326 435 354 actus
465 315 603 366 joret.
641 315 793 363 Quibus
822 316 859 352 in
892 314 1017 351 verbis
1045 314 1118 350 duo
1148 314 1348 367 reprehen-

242 372 294 408 dit
316 367 434 407 Dion.
450 368 622 406 Petavius
653 373 668 420 (
689 369 777 406 Lib.
799 370 827 405 Ι.
857 366 904 404 <le
922 365 1058 403 Trinit.
1075 381 1109 404 c.
1127 367 1164 405 5.
1194 383 1233 406 n.
1256 369 1292 414 4.
1310 369 1347 417 );

242 425 369 476 primo
399 422 500 475 quod
529 421 701 459 Verbum
731 435 818 459 cum
841 420 946 457 Patre
975 421 1249 469 confundatur,
1279 423 1347 473 qui

242 490 346 513 error
368 486 417 513 est
438 474 707 520 Sabellianiis3
737 474 898 512 secundo
926 473 1027 524 quod
1057 474 1230 522 dicatur,
1260 483 1348 512 tunc

242 531 410 581 primum
443 530 558 566 fuisse
586 528 759 565 Verbum
789 541 811 563 a
839 526 945 563 Patre
987 527 1211 576 productum
1230 558 1241 575 ,
1285 541 1348 564 seu

241 582 491 629 distinctum,
534 595 620 619 cum
651 581 814 617 mundus
843 588 986 617 creatus
1017 588 1093 627 est,
1122 582 1222 633 quod
1257 581 1347 618 Ver-

241 633 281 673 bi
313 637 555 673 aeternitatem
585 632 706 672 toli-fit.

296 691 385 733 204.
418 689 601 725 Praeterea
645 684 883 739 'l‘heophilus
923 683 1176 725 Antiochenus
1219 689 1262 726 L.
1298 688 1344 725 lt.

242 743 287 780 acl
332 741 551 779 Autolicum
595 754 635 778 n.
670 755 729 778 ιο.
778 739 943 778 Habens
984 744 1134 794 igitur,
1178 742 1301 792 inquit
1335 770 1346 788 ,

239 795 351 832 Deus
379 807 491 831 suum
523 797 640 845 ipsius
672 792 844 831 Verbum
874 797 915 831 in
951 799 1114 844 propriis
1143 792 1347 832 visceribus

239 852 421 895 insitum,
450 851 584 900 genuit
614 847 707 884 illud
734 860 825 884 cum
855 859 929 885 sua.
957 851 1156 897 sapientia
1177 878 1187 894 ,
1215 845 1343 897 profe-

238 914 330 938 reus
359 911 455 939 unte
486 904 651 938 omnia.
681 900 761 938 Ubi
783 903 922 938 iterum
943 901 1140 949 innuitur,
1171 900 1344 937 Verbum

237 968 311 992 non
342 956 456 992 fnisse
485 970 505 991 a
535 954 641 991 Patre
669 955 884 992 distinctum
903 984 913 1003 ,
943 965 1145 1007 antequam
1176 956 1345 1005 gignere-

238 1018 297 1044 tur
327 1009 373 1045 ad
405 1021 532 1045 rerum
563 1009 819 1046 creationem.
850 1008 897 1046 Et
926 1021 1054 1045 rursus
1084 1023 1123 1045 n.
1147 1021 1233 1045 22.:
1265 1008 1345 1044 An·

238 1071 396 1098 leffium]
429 1061 642 1111 quidquam
658 1059 825 1112 firceret
852 1065 869 1112 (
891 1059 999 1098 Pater
1022 1062 1035 1108 )
1068 1075 1111 1098 eo
1142 1064 1155 1110 (
1179 1060 1307 1097 Verbo
1330 1060 1343 1106 )

236 1115 463 1152 consiliario
493 1113 697 1161 utebatur,
728 1118 864 1165 quippe
893 1127 983 1151 cum
1013 1116 1098 1163 ejus
1128 1127 1266 1160 mens,
1296 1113 1345 1153 ὅ)

236 1167 445 1216 prurientia
474 1172 549 1205 sit.
582 1167 680 1204 Cum
710 1177 846 1204 autem
876 1168 987 1204 coluit
1017 1163 1127 1204 Deus
1157 1166 1346 1218 ezzsuce-

236 1234 278 1256 re
296 1251 305 1268 ,
327 1234 414 1271 quoe
436 1229 654 1268 statuerat,
675 1219 775 1257 hunc
793 1222 902 1268 λό’)ον
920 1223 1054 1271 genuit
1073 1221 1314 1271 prolatitium
1333 1248 1344 1267 ‚

235 1277 541 1325 primogenitum
569 1276 699 1310 omnis
736 1281 957 1310 creatur-oe.
1001 1273 1096 1310 Haec
1126 1275 1249 1325 inquit
1279 1272 1345 1309 Pe-

235 1328 356 1363 tavius
387 1327 550 1364 absurda
580 1340 656 1363 esse
674 1356 683 1373 ,
722 1325 755 1360 ἃ
785 1326 830 1362 de
858 1323 1052 1363 Platonico
1081 1326 1252 1376 dogmate
1281 1326 1344 1363 de-

234 1388 406 1430 promta3
437 1392 572 1429 nempe
603 1387 705 1429 putat
726 1378 925 1417 Petavius.
956 1377 1150 1429 duplicem
1183 1379 1289 1428 Μ’)ον
1319 1393 1344 1416 a.

236 1431 451 1482 'l‘heophiio
478 1432 685 1482 distingui,
715 1429 876 1467 alterum
908 1430 1146 1477 {usaeemffi
1192 1433 1232 1466 in
1263 1429 1341 1468 Pa-

234 1489 304 1520 rris
335 1484 474 1532 corde,
518 1493 587 1521 uui
616 1483 819 1534 visceribus
849 1486 1009 1519 insitum
1027 1511 1036 1529 ,
1080 1485 1146 1534 qni
1177 1492 1229 1519 est
1258 1484 1341 1535 ipsa

233 1538 389 1575 essentia
404 1537 521 1576 Patris
537 1552 551 1581 ,·
572 1537 690 1575 alium
713 1533 920 1586 πᾶορςρικρν
939 1535 1179 1584 prolatitium
1197 1568 1206 1584 ,
1228 1550 1342 1588 quem

234 1591 337 1628 Deus
367 1590 474 1628 Pater
504 1590 656 1642 protulit
697 1591 914 1627 ministrum
958 1602 1113 1627 suorum
1150 1603 1342 1641 operum.

234 1644 380 1681 Horum
412 1646 581 1695 primum
611 1642 773 1682 Sabellii
810 1653 977 1679 errorem
1019 1644 1208 1689 continet3
1251 1642 1342 1682 alte-

232 1709 319 1734 rum
350 1697 604 1748 blasphemias
634 1698 744 1736 Arii.

292 1752 380 1787 205.
412 1751 579 1788 Demum
609 1751 648 1787 S.
679 1747 913 1801 Hippolytus
956 1749 994 1785 in
1025 1744 1147 1786 Hom.
1178 1748 1225 1786 <Ze
1254 1749 1341 1787 Deo

236 1806 360 1849 trino,
389 1805 438 1842 (9⁴
466 1816 543 1840 uno
574 1804 636 1853 (ri)
655 1832 664 1848 ,
708 1810 907 1852 postquam
937 1801 1107 1848 dixerat,
1137 1801 1234 1839 nihil
1265 1817 1340 1840 esse

233 1855 317 1892 Deo
343 1868 516 1892 coaevum
540 1885 550 1902 ,
580 1854 730 1892 subdit:
772 1851 866 1890 nisui
895 1862 981 1889 erat
1009 1862 1155 1901 praeter
1183 1859 1309 1904 ipsum
1328 1885 1338 1903 ,

234 1911 314 1957 ipse
345 1910 446 1946 solus
477 1909 618 1945 multus
649 1916 766 1951 emt,¹
804 1918 876 1942 nec
906 1910 1014 1943 enim
1043 1915 1131 1943 erat
1159 1912 1243 1945 siue
1272 1921 1338 1945 ra-

233 1965 338 1998 lione
370 1963 383 2010 (
413 1958 563 2010 qqmc'yo
593 1962 636 2009 ),
666 1966 750 1997 sine
778 1963 997 2008 supientia,
1034 1964 1119 1998 sine
1148 1962 1339 2004 consili0;

232 2017 372 2050 omniu
402 2022 517 2049 erunt
547 2016 587 2048 m
617 2026 682 2059 eo,
726 2016 808 2062 ipse
837 2020 924 2048 erat
951 2016 1116 2050 omnia.
1168 2013 1338 2063 Quando

233 2068 368 2113 soluit,
389 2066 437 2105 (ἶ)
458 2065 649 2114 quomodo
664 2066 797 2111 coluit,
819 2063 985 2101 ostendit
1010 2063 1180 2102 Verbum
1200 2078 1336 2114 suum,

231 2118 466 2167 temporibus
496 2117 599 2167 ‹iprul
628 2132 719 2155 eum
749 2116 941 2169 definitis,
970 2130 1040 2167 per
1068 2117 1169 2168 quod
1196 2124 1337 2156 omnia

219 2172 350 2223 jecit.
393 2171 546 2209 Similia
587 2172 762 2223 leguntur
804 2171 916 2208 etiam
947 2172 986 2209 in
1030 2171 1222 2210 nonnullis
1251 2172 1337 2210 aliis

230 2225 422 2263 veteribus
450 2223 649 2263 Patribus.

288 2278 377 2317 206.
410 2278 520 2330 Resp.
551 2278 647 2316 hanc
663 2277 782 2316 Verbi
812 2277 935 2316 divini
967 2278 1218 2326 nativitatem,
1248 2293 1337 2331 quae

231 2345 254 2368 a
282 2331 477 2369 nonnullis
506 2333 640 2369 sanctis
670 2330 843 2369 Patribus
884 2336 1129 2381 temporaria
1172 2333 1337 2382 dicitur,

234 2385 267 2420 8(
297 2386 393 2423 facta
423 2385 536 2436 paulo
564 2395 647 2422 ante
677 2385 808 2422 mundi
837 2386 1064 2422 creationem
1083 2413 1094 2433 ,
1137 2399 1212 2423 esse
1241 2388 1337 2424 nati-

231 2439 386 2476 vitatem
418 2437 732 2488 metaphoricam
752 2468 762 2487 ,
805 2437 838 2474 8(
868 2435 965 2475 nihil
1006 2437 1116 2476 valiud
1144 2439 1338 2489 significa-

233 2505 300 2539 re,
331 2506 446 2543 quam
462 2491 582 2529 Verbi
613 2492 951 2530 manifestationem
972 2491 1109 2529 factam
1140 2493 1179 2529 in
1210 2506 1337 2531 rerum

235 2548 446 2582 creatione:
475 2553 592 2596 atque
614 2544 712 2582 illud
743 2547 867 2597 ipsum
898 2558 974 2582 esse
995 2574 1006 2592 ,
1048 2545 1149 2596 quod
1180 2558 1243 2583 nos
1272 2561 1339 2597 ap-

233 2597 422 2649 pellamus
452 2612 538 2635 cum
561 2597 699 2635 Schola
727 2599 984 2650 operationem
1015 2598 1069 2635 ‹ch
1088 2607 1205 2634 exim
1223 2629 1234 2646 ,
1264 2613 1340 2650 qua

238 2651 351 2687 Deus·
370 2650 402 2686 ἃ
433 2665 470 2688 se
492 2681 501 2699 ,
533 2650 565 2685 ἃ
594 2650 768 2690 Verbum
797 2665 908 2690 suum
938 2652 1218 2689 manifestavit.
1256 2652 1339 2690 Du·

235 2704 377 2755 plicem
407 2718 492 2755 ergo
521 2703 641 2742 Verbi
670 2705 792 2743 divini
820 2707 1099 2757 generationem
1121 2734 1132 2754 ,
1170 2704 1230 2744 vel
1270 2714 1340 2743 sta-

233 2766 314 2794 tum
338 2756 459 2794 Patres
479 2756 536 2794 illi
557 2759 818 2804 considerant3
847 2757 963 2796 aliam
994 2772 1133 2810 nempe
1161 2767 1341 2796 aeternam

234 2823 301 2861 per
330 2824 446 2862 quam
478 2824 626 2861 semper
654 2825 742 2849 cum
771 2812 880 2849 Patre
911 2813 981 2849 fuit
1004 2842 1013 2860 ,
1056 2813 1117 2849 sed
1147 2814 1255 2863 quasi
1285 2816 1342 2851 in·

234 2866 351 2901 terius
380 2863 499 2900 latens
515 2893 525 2911 ,
556 2863 590 2899 ἂ
612 2865 650 2901 in
667 2863 784 2902 Patris
805 2866 890 2902 sinu
919 2865 1023 2903 velut
1051 2865 1312 2904 absconditum
1331 2896 1341 2913 ,

234 2915 269 2950 8<
297 2916 411 2954 aliam
442 2919 737 2968 temporariam,
779 2919 931 2970 quando
960 2920 999 2956 in
1041 2920 1259 2970 operatione
1289 2919 1343 2956 ad

238 2979 354 3005 extra
384 2971 664 3008 manifestatum
696 2980 774 3008 est.
812 2971 908 3009 Aliis
936 2972 1081 3009 omissis
1112 2986 1207 3009 unus
1237 2973 1342 3011 suffi-

236 3022 309 3057 ciat
336 3023 507 3060 Clemens
539 3023 844 3071 Alexandrinus,
874 3026 940 3076 qui
972 3024 1058 3063 Lib.
1082 3025 1131 3062 V.
1162 3025 1343 3064 Stroma-

234 3083 317 3112 tum
338 3104 348 3120 ,
381 3074 545 3112 Verbum
567 3106 576 3124 ,
605 3079 761 3129 inquit,
790 3091 1039 3129 progressum
1069 3078 1187 3126 officii
1216 3092 1343 3117 causa

237 3136 294 3164 est
323 3128 368 3166 Θ
401 3133 634 3173 crfflztz'om's,¹
678 3131 818 3168 deinde
847 3136 968 3168 etiam
1017 3136 1187 3180 seipsum
1224 3146 1342 3184 geue—

236 3189 328 3228 rat,
358 3181 515 3231 quando
546 3181 714 3221 Verbum
735 3197 831 3221 caro
847 3184 1016 3235 frictum
1032 3185 1204 3235 suerat,
1234 3195 1274 3223 ut
1303 3199 1342 3224 e-

288 3291 336 3324 (α)
363 3286 462 3318 Hunc
488 3286 599 3331 posuit
628 3288 766 3320 titulum
794 3290 842 3321 illi
870 3289 1063 3334 fragmento
1087 3293 1140 3325 Jo.
1162 3288 1338 3325 Germ-dus

237 3333 379 3365 Vossius
393 3333 425 3364 in
442 3345 501 3365 sua
521 3331 669 3366 editione
687 3335 890 3377 Moguntina
906 3348 959 3368 an.
978 3338 1075 3380 1604.
1090 3338 1154 3371 Sed
1169 3339 1210 3372 D.
1222 3340 1342 3372 Remi—

1415 213 1515 246 tium
1545 204 1666 245 cadat
1694 204 1762 242 sub
1801 211 1962 255 aspectu
1982 230 1992 244 .
2038 207 2215 246 Ceterum
2255 215 2428 248 veterum
2456 206 2528 250 Pa.

1416 271 1517 300 trum
1547 261 1751 298 locutiones
1782 271 1854 296 non
1884 267 1969 296 sunt
1996 260 2042 298 ad
2063 265 2218 300 omnino
2247 272 2464 301 accuratam
2485 280 2527 303 a-

1417 316 1574 353 mussim
1618 311 1839 363 exigendas,
1883 320 1923 348 ut
1952 313 2054 350 enim
2083 314 2124 351 S.
2153 316 2410 368 Hieronymus
2441 319 2456 368 (
2487 319 2529 357 in

1418 368 1611 418 Apologia,
1654 373 1797 403 contra.
1829 362 2031 412 Ruffinum
2061 367 2075 413 )
2106 377 2262 416 monet,
2305 378 2527 420 antequam

1417 424 1457 458 iu
1487 417 1768 466 Alemanclria,
1816 421 1931 468 quast
1973 418 2219 457 rloemonium
2254 422 2525 461 meridianum

1416 475 1533 511 Arius
1561 480 1822 519 nasceretur,
1851 475 2083 510 innocenter
2111 473 2296 523 quosdam
2316 501 2327 522 ,
2351 469 2420 516 ἐὺ·
2449 480 2524 514 mi-

1416 537 1490 564 nus
1520 534 1635 563 caute
1664 526 1780 563 locuti
1808 534 1926 562 sunt.

1471 593 1562 629 207.
1592 578 1733 616 Prima:
1762 587 1888 616 autem
1917 577 2127 630 probationi
2146 593 2242 633 resp.
2271 579 2451 632 injustam
2469 594 2524 620 es·

1416 647 1454 670 sc
1483 646 1571 669 cum
1600 632 1887 670 Sabellianismi
1905 661 1916 680 ,
1960 640 2040 668 tum
2070 634 2280 671 Arianismi
2321 638 2527 673 accusatio-

1415 700 1503 723 nem
1535 684 1786 735 Athenagorae
1837 686 2071 736 impactam.
2118 687 2230 734 Quod
2277 688 2378 726 enim
2408 689 2527 726 dicit:

1415 738 1466 776 ab
1492 748 1646 776 oeterno
1675 738 1811 786 Deus,
1853 751 1944 775 cum
1973 743 2023 775 sit
2052 742 2132 787 ipse
2160 739 2274 789 ἕνα,
2304 749 2354 778 est
2383 741 2527 780 intelli-

1413 792 1578 844 gendum
1621 791 1667 829 de
1700 792 1826 829 Verbo
1854 804 1922 843 per
1950 806 2015 840 se,
2058 792 2091 828 δε
2123 793 2161 829 in
2189 807 2228 830 se
2273 793 2525 841 subsistente;

1412 859 1487 883 non
1515 854 1641 882 autem
1671 846 1717 883 de
1746 846 1827 897 ipsa
1856 846 2025 894 ratione,
2069 845 2129 884 vel
2158 847 2375 898 sapientia,
2405 861 2524 899 quam

1413 898 1529 937 veluti
1560 900 1722 936 formam
1753 901 1793 936 in
1822 898 1897 936 Dei
1927 899 2082 936 essentia
2109 901 2342 950 cogitamus,
2371 899 2407 937 ἃ
2435 913 2525 953 quas

1412 952 1551 990 dicitur
1580 951 1654 989 Dei
1685 953 1893 1003 proprietas
1914 981 1924 999 ‚
1955 951 2014 990 vel
2046 952 2272 991 attributum
2292 979 2303 990 .
2333 953 2524 992 Omnium

1413 1007 1517 1044 enim
1546 1005 1800 1056 ineptissimus
1828 1006 1957 1042 fuisset
1987 1005 2269 1057 Athenagoras,
2315 1007 2368 1044 ita
2414 1005 2523 1044 eolli-

1412 1071 1524 1110 gens:
1568 1059 1670 1096 Deus
1699 1058 1748 1096 ab
1791 1068 1933 1096 aeterno
1976 1058 2139 1097 habebat
2184 1062 2222 1098 in
2251 1074 2290 1098 se
2318 1058 2522 1107 Verbum,

1412 1126 1477 1150 seu
1507 1113 1692 1150 rationem
1721 1125 1827 1149 suam
1846 1142 1856 1160 ,
1886 1114 1978 1164 quia
2006 1112 2055 1149 ab
2086 1122 2223 1150 aeterno
2253 1122 2330 1150 erat
2359 1113 2520 1150 rationa-

1411 1164 1485 1211 lis3
1515 1165 1706 1216 probasset
1735 1166 1839 1201 enim
1859 1166 1961 1202 idem
1983 1179 2049 1217 per
2070 1166 2191 1203 idem.
2221 1166 2275 1203 Ita
2297 1167 2419 1217 potius
2434 1166 2522 1203 sub-

1412 1218 1490 1256 tilis
1520 1218 1554 1254 8<
1583 1226 1714 1256 acutus
1742 1216 1994 1269 Philosophus
2036 1219 2330 1256 ratiocinabatur
2358 1219 2405 1256 ad
2435 1231 2522 1269 pro-

1411 1270 1575 1309 bandam
1595 1281 1773 1308 aeternam
1795 1270 1915 1308 Verbi
1944 1271 2065 1308 divini
2086 1271 2388 1321 generationem:
2419 1270 2523 1308 Deus

1411 1325 1460 1362 ab
1492 1332 1630 1360 aeterno
1658 1322 1850 1360 rationalis
1873 1350 1883 1371 ,
1915 1323 1948 1357 &
1976 1326 2142 1375 seipsum
2170 1324 2406 1373 intelligens:
2436 1336 2523 1374 ergo

1411 1377 1459 1413 ab
1477 1385 1617 1413 aeterno
1636 1377 1890 1427 genuitsuum
1913 1375 2087 1414 Verbum
2110 1405 2120 1424 ,
2149 1388 2213 1412 seu
2242 1372 2354 1423 >52⁰⁷
2370 1405 2380 1422 ,
2410 1377 2523 1412 ratio-

1408 1442 1497 1468 nem
1514 1443 1652 1481 nempe
1672 1442 1738 1482 per
1758 1443 1795 1467 se
1816 1428 2089 1478 subsistentem,
2109 1442 2196 1481 qnae
2215 1436 2268 1466 est
2287 1429 2368 1478 ipse
2385 1427 2523 1466 Filius.

1465 1482 1557 1521 208.
1584 1483 1698 1529 Quod
1742 1496 1830 1522 vero
1875 1483 1974 1520 idem
2003 1483 2241 1521 Christianus
2269 1479 2523 1532 Philosophus

1410 1536 1565 1584 subdit,
1598 1535 1767 1573 Verbum
1797 1536 1986 1586 prodiisse
2014 1534 2064 1574 ab
2092 1535 2163 1573 boc
2180 1564 2190 1583 ,
2219 1543 2261 1572 ut
2273 1544 2378 1572 esset
2397 1534 2489 1571 idea
2511 1561 2524 1581 ‚

1410 1590 1459 1629 Θ
1489 1598 1604 1628 actus
1632 1594 1812 1627 omnium
1841 1602 1975 1627 rerum
1993 1619 2003 1637 ,
2046 1590 2092 1626 de
2121 1588 2360 1640 generatione
2406 1596 2522 1626 meta-

1410 1643 1594 1694 phorica,
1625 1657 1690 1681 seu
1718 1643 1764 1681 de
1792 1644 2094 1681 manifestatione
2121 1641 2177 1680 ad
2205 1650 2324 1679 extra
2353 1639 2522 1693 explica-2

1410 1698 1443 1733 ri
1473 1696 1608 1742 debet3
1636 1711 1726 1735 eum
1757 1710 1893 1748 nempe
1923 1698 1961 1734 in
1982 1697 2169 1734 creatione
2191 1707 2340 1742 rerum,
2370 1706 2521 1737 earum-

1409 1763 1484 1799 que
1514 1751 1707 1800 aptissima
1736 1751 2018 1787 coordinatione
2045 1750 2176 1787 divina
2206 1749 2390 1798 sapientia
2419 1755 2519 1784 exte·

1408 1803 1487 1838 rius
1517 1802 1755 1839 manifestata
1784 1810 1866 1847 est3
1897 1811 1936 1839 ut
1967 1803 2125 1854 proinde
2153 1801 2275 1838 Verbi
2304 1811 2518 1851 progressus

1407 1850 1575 1901 vfoe'tch
1611 1853 1709 1892 nihil
1739 1863 1790 1893 est
1835 1854 1969 1903 aliud,
2012 1855 2087 1892 nisi
2132 1855 2252 1906 ipsius
2295 1850 2450 1904 hwa-sm
2477 1864 2517 1889 οε

1405 1914 1551 1956 per-atro
1569 1933 1578 1944 .

1462 1970 1553 2010 209.
1583 1959 1727 2000 Eodem
1771 1960 1882 2000 modo
1911 1961 2097 2014 explicari
2136 1959 2248 1998 debet
2277 1958 2518 2012 Theophilus

1407 2009 1692 2063 Antiochenus,
1729 2015 1775 2052 de
1817 2017 2058 2067 generatione
2099 2014 2244 2053 scilicet
2286 2012 2516 2065 metaphori-

1402 2072 1476 2112 δα,
1506 2079 1569 2104 seu
1602 2068 1802 2120 temporali
1834 2069 2162 2114 manifestatione3
2200 2078 2379 2105 aeternam
2411 2068 2516 2104 enim

1404 2115 1524 2156 Verbi
1552 2122 1831 2170 generationem
1860 2121 2074 2160 luculenter
2101 2122 2230 2159 docuit
2258 2121 2359 2158 idem
2391 2119 2518 2157 Theo·

1401 2168 1533 2220 philus
1549 2201 1559 2220 ,
1589 2187 1678 2211 cum
1699 2174 1808 2221 dixit,
1835 2173 1962 2224 fuisse
1991 2186 2147 2224 semper
2170 2171 2341 2211 Verbum
2369 2176 2410 2209 ἱη
2430 2183 2516 2210 cor-

1405 2222 1453 2260 de
1482 2223 1614 2263 Patris
1643 2230 1833 2265 insicum:
1875 2240 1963 2280 quae
1995 2243 2017 2265 a
2044 2227 2153 2265 nobis
2181 2224 2358 2265 similiter
2394 2225 2517 2276 expli-

1405 2277 1526 2315 canda
1555 2287 1668 2329 sunt,
1698 2293 1741 2318 ac
1772 2281 2030 2319 testimonium
2062 2280 2312 2332 Athenagorae
2342 2281 2522 2331 superius·

1406 2333 1640 2382 expositum.
1670 2330 1845 2372 Verbum
1875 2335 1978 2371 enim
2009 2347 2077 2386 per
2105 2348 2143 2372 se
2172 2334 2372 2372 subsistens
2400 2346 2438 2369 se
2459 2333 2515 2369 in-

1404 2384 1574 2437 telligere
1616 2388 1850 2439 apertissime
1879 2388 2005 2425 innuit
2035 2385 2293 2440 Theophilus,
2335 2386 2428 2423 dum
2466 2384 2515 2422 il-

1405 2438 1472 2475 lud
1502 2448 1611 2478 vocat
1640 2440 1904 2479 consiliarium
1933 2439 2079 2489 Patris,
2117 2440 2150 2476 8(
2179 2441 2251 2492 ipsi
2279 2451 2429 2491 semper
2456 2452 2514 2476 as-

1405 2501 1560 2541 sistens,
1590 2507 1633 2531 ac
1662 2507 1752 2531 cum
1782 2507 1825 2532 eo
1853 2506 2107 2533 conversans:
2143 2508 2230 2547 quae
2260 2494 2413 2531 omnino
2441 2493 2516 2530 im-

1408 2547 1562 2597 proprie
1590 2547 1636 2584 de
1664 2546 1783 2586 Patris
1811 2547 1990 2586 attributo
2017 2549 2259 2587 dicerentur.
2289 2546 2422 2599 Neque
2451 2559 2516 2583 ve-

1407 2610 1449 2634 ro
1487 2599 1725 2652 Theophilus
1758 2599 1927 2639 Verbum
1957 2605 1999 2639 in
2041 2601 2178 2650 corde,
2221 2601 2270 2641 Θ*
2309 2597 2515 2637 visceribus

1409 2649 1541 2690 Patris
1570 2653 1801 2694 delitescens
1830 2668 2001 2707 unquam
2030 2655 2202 2693 distinxit
2231 2668 2252 2692 a
2272 2653 2401 2691 Verbo
2427 2663 2515 2700 pro-

1409 2704 1534 2742 [aritio
1555 2721 1570 2751 ;
1599 2707 1677 2744 imo
1704 2722 1853 2758 unum,
1883 2709 2061 2762 idemque
2090 2722 2166 2746 esse
2194 2704 2380 2753 declarat,
2410 2712 2515 2741 utens

1408 2761 1634 2808 pronomine
1663 2761 1777 2805 τέγη
1802 2763 1916 2813 λέμιι
1945 2760 2014 2800 boc
2046 2759 2215 2800 Verbum
2237 2785 2248 2798 .

1467 2824 1556 2850 210.
1585 2811 1700 2851 Falso
1735 2828 1886 2868 quoque
1914 2815 2049 2867 objicit
2077 2814 2276 2857 Petavius,
2319 2808 2516 2861 'Theophi-

1409 2860 1491 2900 lum
1523 2866 1735 2918 intelligere
1762 2869 1808 2906 de
1839 2866 1967 2907 Verbo
1996 2872 2112 2906 insito
2140 2866 2236 2904 illud
2258 2863 2515 2915 Evangelistae

1408 2916 1565 2955 Joannis
1594 2933 1761 2959 comma:
1804 2920 1852 2958 In
1880 2925 2066 2971 principio
2107 2928 2195 2956 erat
2225 2915 2420 2964 Verbum,
2463 2917 2513 2956 (9³

1417 2967 1585 3008 Verbum
1615 2983 1702 3010 erat
1731 2974 1837 3024 apud
1865 2974 2032 3016 Deum;
2074 2972 2179 3009 aliud
2209 2980 2334 3009 autem
2363 2983 2516 3008 comma

1412 3022 1582 3073 ejusdem
1612 3026 1885 3078 Evangelistae:
1914 3027 1962 3066 (θ’
1991 3024 2100 3062 Deus
2130 3035 2216 3062 erat
2248 3021 2415 3061 Verbum
2433 3053 2444 3070 ,
2473 3036 2514 3059 o-

1412 3079 1526 3112 mnia
1554 3090 1622 3125 per
1651 3083 1777 3131 ipsum
1806 3078 1934 3131 facta
1961 3087 2052 3115 sunt
2094 3079 2233 3116 referre
2262 3078 2309 3115 ad
2337 3075 2513 3126 Verbum

1409 3128 1649 3178 prolatitium
1671 3159 1681 3170 .
1711 3134 1793 3170 lmo
1821 3140 1973 3179 contra,
2017 3130 2337 3183 quemadmodum
2367 3138 2514 3168 certum

1411 3183 1569 3220 omnino
1599 3192 1672 3233 est⁵
1701 3185 1874 3224 aSancto
1892 3185 2033 3222 Joanne
2062 3185 2266 3237 utrobique
2294 3184 2394 3223 idem
2411 3194 2516 3234 pror-

2397 3249 2458 3272 sus

1407 3290 1482 3334 gius
1497 3289 1638 3322 Ceillier
1652 3298 1750 3334 putat
1766 3313 1776 3331 ,
1795 3290 1898 3324 fuisse
1911 3292 2025 3336 potius
2044 3293 2146 3326 finem
2161 3289 2308 3335 alicujus
2323 3290 2509 3323 Tractams

1407 3337 1674 3377 controversiae,
1703 3337 1813 3371 Tomo
1838 3339 1880 3372 11.
1907 3341 1968 3373 des
1994 3341 2147 3373 Autenrs
2171 3341 2297 3372 eccles·
2324 3345 2400 3381 pag·
2428 3334 2509 3376 34¹·
