2577 3633
777 115 864 164 DE?
891 115 1195 165 DISTINCT·
1226 113 1418 167 DIVIN.
1449 118 1688 167 ATTRIB.

54 196 261 241 Thesauro
288 207 377 250 pag.
401 192 490 243 264.
520 193 669 251 Nempe
697 191 849 237 solliciti
877 206 985 237 eraut
1014 199 1053 237 hi
1071 229 1081 248 ‚
1123 215 1161 238 a·

55 256 175 307 liique
202 252 388 290 Ecclesiae
417 250 615 289 catholicae
647 251 771 290 Patres
798 251 845 290 de
873 252 1003 304 aliqua
1032 253 1163 290 distin-

58 310 177 346 ctione
205 304 304 343 inter
340 303 552 352 attributa,
593 312 708 357 atque
749 306 947 344 essentiam
978 305 1051 343 Dei
1094 313 1165 343 sta-

58 358 213 405 tuenda,
243 365 285 394 ut
313 357 363 397 ita
383 355 525 395 falcem
554 357 671 396 veluti
701 358 747 396 ad
767 358 935 396 radicem
958 356 1166 396 Eunomia·

59 424 117 449 nae
162 410 344 448 haereseos
386 416 595 462 ponerent,
637 424 725 462 quae
756 410 928 449 Verbum
972 424 1047 448 non
1088 424 1165 449 esse

58 463 186 502 Deum
216 463 266 502 ita
295 460 520 515 colligebat:
557 461 678 501 Notio
707 467 899 515 ingeniti,
929 467 1027 502 sicut
1047 463 1166 516 quod-

49 529 222 568 cumque
262 514 370 554 aliud
413 513 670 564 attributum,
719 530 770 554 ne
799 520 1039 569 cogitatione
1082 521 1165 568 qui-

57 569 149 608 dem
179 583 206 607 a
235 567 454 607 Dis-initate
484 570 641 621 sejungi
667 578 793 620 potest
808 585 823 615 ,-
852 574 961 621 atqui
993 568 1164 608 Verbum

56 636 138 660 non
166 631 225 660 est
253 625 500 675 ingenitum:
547 634 640 674 ergo
669 636 749 660 non
786 632 844 661 est
872 622 1012 661 Deus:
1054 623 1165 675 cujus

55 676 245 714 ratiocinii
275 675 413 713 falsam
441 688 517 713 esse
546 675 733 726 majorem
755 679 1049 730 propositionem
1069 677 1164 715 San-

55 730 106 767 cti
135 727 263 767 Patres
290 727 563 767 ostendebant.

116 782 177 820 15.
207 780 320 819 Prob.
350 781 514 820 secundo
543 794 589 819 ex
617 780 658 819 S.
689 780 866 828 Thoma,
909 781 976 834 qui
1008 783 1047 820 in
1076 782 1165 821 Lib.

53 834 87 873 Ι.
108 833 288 872 Sentent.
309 834 410 872 Diss.
435 847 471 872 2.
501 843 637 886 quaest.
665 848 696 871 1.
726 844 796 872 art.
814 847 850 872 2.
882 834 934 872 ita
963 837 1166 874 ratiocinii⁴²

56 895 144 925 tur:
191 887 305 942 Quod
333 896 392 925 est·
422 900 549 925 causa
577 887 774 938 alicujus,
815 884 932 923 habet
972 887 1065 924 illud
1095 900 1165 925 ex-

56 940 261 979 cellentius
281 972 291 988 ,
330 941 379 981 Θ
407 939 571 977 nobilius
587 954 603 983 ;
647 938 750 976 unde
778 947 955 989 oportet,
998 940 1099 991 quod
1126 955 1166 979 o-

60 1007 176 1032 mnes
204 994 428 1032 nobilitates
456 995 636 1029 omnium
663 1000 942 1030 creaturarum
963 997 1169 1032 invenian-

57 1056 121 1084 tur
148 1052 190 1084 in
209 1046 297 1084 Deo
325 1044 566 1082 nobilissimo
596 1044 733 1093 modo,
764 1045 813 1085 ἔθ’
833 1050 918 1083 sine
945 1047 1169 1099 aliquainz-

56 1099 327 1151 perfectione:
368 1097 418 1138 Εἴ)
447 1097 533 1135 ideo
561 1111 651 1149 quae
688 1102 728 1136 in
758 1105 954 1137 creaturis
995 1110 1085 1139 sunt
1112 1101 1170 1138 di-

54 1164 198 1201 Versa,
243 1155 286 1189 in
313 1149 401 1189 Deo
429 1160 586 1202 propter
622 1164 829 1189 summam
871 1154 1167 1204 simplicitatem

51 1214 143 1244 sunt
163 1218 286 1243 unum
303 1232 314 1244 .
342 1204 408 1242 Sic
424 1218 518 1256 ergo
539 1204 748 1242 dicendum
780 1214 838 1243 est
854 1237 865 1255 ,
894 1207 996 1256 quod
1014 1211 1057 1245 in
1078 1207 1168 1246 Deo

55 1267 116 1297 est
145 1262 345 1308 sapientia
362 1288 373 1306 ,
416 1257 572 1296 bonitas
590 1287 600 1306 ,
630 1257 679 1299 Θ·
707 1258 959 1311 hujusmodi,
1002 1274 1169 1312 quorum

54 1311 249 1363 quodlibet
279 1321 337 1350 est
365 1314 454 1363 ipsa
482 1310 618 1350 (lirina
647 1315 843 1361 essentia,
872 1313 922 1353 &
942 1318 999 1351 ita
1029 1319 1170 1352 omnia

58 1374 152 1402 sunt
179 1378 304 1403 unum
332 1378 375 1403 re
391 1391 402 1402 .
432 1363 488 1402 Et
516 1370 611 1417 quia
631 1365 932 1418 unumquodque
959 1379 1095 1405 eorum
1111 1376 1170 1405 est

55 1421 96 1455 in
126 1417 215 1456 Deo
244 1417 461 1458 secundum
490 1423 551 1456 sui
579 1422 832 1457 verissimam
861 1423 1062 1459 rationem
1079 1450 1089 1469 ‚
1120 1422 1169 1462 Φ

54 1475 159 1509 ratio
188 1475 399 1522 sapientiae
427 1484 507 1509 non
536 1481 596 1511 est
637 1476 742 1511 ratio
771 1471 955 1512 bonitatis
998 1478 1168 1525 inquan-

51 1532 141 1561 tum
170 1524 420 1578 hujusmodi,
449 1525 707 1578 relinquitur,
752 1525 854 1576 quod
895 1530 974 1564 sint
1011 1526 1166 1564 diversa

55 1581 213 1616 ratione
230 1609 240 1626 ,
269 1592 351 1616 non
379 1587 540 1615 tantum
561 1591 613 1616 ex
633 1588 749 1627 parte
770 1583 889 1628 ipsius
918 1582 1166 1616 ratiocinan-

56 1634 127 1678 tis,
158 1630 228 1669 sed
257 1645 310 1668 ex
337 1634 576 1680 proprietate
605 1633 725 1679 ipsius
753 1635 838 1668 rei.
876 1631 962 1677 Qua
992 1631 1166 1670 doctrina

56 1684 206 1733 posita,
252 1683 491 1735 progreditur
528 1681 757 1732 Angelicus‚
800 1684 1018 1728 ostendens,
1064 1681 1165 1720 hanc

52 1736 331 1772 distinctionem
359 1747 435 1772 non
464 1745 541 1770 esse
577 1731 701 1770 solum
745 1745 860 1782 penes
901 1741 1096 1771 connotata
1125 1735 1167 1772 in

51 1788 234 1824 creaturis
252 1814 262 1834 ,
293 1794 333 1825 ut
361 1786 522 1836 quidam
553 1783 756 1831 dicebant,
795 1785 887 1836 quia
917 1786 1033 1823 etiam
1061 1798 1166 1823 crea-

53 1839 147 1876 turis
175 1851 252 1876 non
281 1838 524 1876 existentibus
552 1836 655 1874 Deus
692 1844 773 1874 erat
815 1838 994 1889 sapiens,
1042 1837 1166 1876 bonus

51 1892 145 1939 δια,
187 1904 311 1942 neque
341 1899 466 1929 tamen
496 1889 683 1941 sapientia
712 1890 830 1940 ipsius
860 1903 904 1927 ex
934 1891 991 1928 sui
1022 1890 1164 1930 forina—

53 1943 82 1982 li
113 1945 257 1982 ratione
285 1952 365 1982 erat
392 1942 565 1981 bonitas.
595 1940 686 1979 Vid.
715 1942 831 1980 etiam
861 1951 932 1981 art.
964 1942 1001 1982 5.

110 1996 170 2036 16.
200 1997 276 2035 Ob.
307 1998 432 2049 primo
474 2008 519 2032 ex
546 1994 756 2043 Conciliis,
802 1994 835 2031 8t
864 1996 1013 2035 Sanctis
1042 1994 1163 2036 Patri·

48 2051 142 2090 bus.
171 2051 216 2089 In
243 2049 417 2088 Concilio
438 2048 612 2086 Remensi
641 2048 820 2086 adversus
848 2049 1068 2088 Gilbertum
1099 2051 1162 2088 de·

50 2103 208 2143 finitum
236 2103 309 2142 fuit
326 2133 336 2152 ‚
374 2116 420 2141 ne
449 2104 553 2140 ratio
582 2100 802 2154 theologica
830 2100 909 2140 Dei
938 2112 1134 2141 naturam
1151 2134 1162 2152 ,

49 2157 100 2198 ἔγ
128 2169 345 2207 personam
373 2155 613 2208 distinguat.
661 2155 836 2194 Secundo
864 2156 904 2194 S.
936 2156 1163 2195 Athanasius

49 2211 90 2248 in
119 2211 208 2249 Lib.
238 2209 286 2248 de
314 2208 491 2262 Synodis
519 2223 558 2247 n.
595 2208 660 2247 55.
690 2220 782 2246 cum
810 2207 886 2246 lzas
921 2222 1060 2258 voces,
1103 2211 1162 2249 in-

52 2264 164 2315 quit,
193 2263 402 2311 audimus,
432 2261 554 2301 Pater
573 2291 585 2312 ,
613 2260 752 2310 Deus,
786 2262 1072 2311 Omnipotens,
1102 2268 1162 2301 ni·

56 2315 107 2354 hit
137 2315 272 2364 aliud,
302 2329 424 2367 quam
452 2317 540 2369 ejus
557 2345 568 2364 ‚
598 2319 662 2366 qui
691 2325 775 2364 est,
804 2314 1074 2354 substantiam
1102 2319 1163 2354 in-

50 2367 179 2408 dicari
208 2373 472 2419 concipimus.
504 2369 637 2407 Tertio
666 2368 810 2408 clarius
838 2368 962 2408 adhuc
992 2368 1164 2422 loquitur

49 2423 182 2462 Sanct·
212 2421 377 2460 Basilius
404 2424 511 2473 epist.
538 2422 625 2474 159.
655 2436 695 2461 11.
719 2424 756 2461 5.
785 2424 992 2476 inquiens:
1021 2428 1161 2462 omnia

49 2475 140 2514 Deo
166 2477 435 2527 competentia
456 2503 467 2521 ‚
504 2483 587 2511 tum
617 2479 794 2526 cogitata
810 2505 821 2524 ,
851 2485 936 2514 tum
965 2480 1132 2514 nomina
1149 2506 1160 2525 ,

52 2537 144 2567 sunt
172 2532 275 2566 inter
305 2541 346 2565 se
374 2525 555 2579 ejusdem
582 2525 788 2577 dignitatis
806 2558 816 2574 ‚
861 2542 907 2567 eo
935 2529 1037 2579 quod
1065 2529 1162 2567 nihil

52 2586 162 2621 circa
188 2580 351 2633 subjecti
369 2579 706 2632 significationem
733 2579 879 2617 liabent
897 2581 1159 2621 discriminis.

50 2635 147 2672 .N0n
164 2638 274 2673 enim
297 2638 441 2671 mentis
457 2636 737 2683 cogitationem
760 2633 816 2670 ad
837 2633 946 2672 aliud
960 2634 1162 2684 quoddam

53 2687 271 2740 subjectum
299 2686 473 2739 perducit
502 2685 591 2723 boni
620 2686 857 2736 appellatio,
894 2687 943 2728 Θ
973 2687 1028 2726 ad
1055 2688 1164 2726 aliud

55 2744 274 2792 sapientis,
315 2743 514 2793 potentis,
556 2739 605 2779 Θ·
635 2741 763 2791 justi:
809 2739 880 2778 sed
907 2753 1166 2793 quoecumque

53 2796 258 2846 protuleris
295 2798 489 2842 nomina,
535 2806 658 2829 unum
685 2805 844 2844 prorsus
873 2798 1014 2832 omnia
1042 2799 1163 2848 signi-

46 2848 189 2902 ficant
209 2862 221 2885 .·
248 2861 338 2899 ergo
367 2847 438 2885 &c.

112 2914 174 2953 17.
205 2901 316 2953 Resp.
345 2900 404 2939 his
432 2899 608 2938 omnibus
643 2899 724 2939 sive
751 2899 917 2940 concilii
946 2900 1161 2952 Remensis‚

101 3044 149 3078 (a)
178 3041 230 3073 Ita
254 3040 318 3076 hoc
345 3049 592 3086 argumentum
632 3040 735 3074 solvit
761 3039 796 3074 S.
823 3040 1010 3087 Gregorius
1036 3044 1169 3089 Nysse-

60 3094 125 3117 nus
159 3085 234 3118 adv.
260 3088 472 3122 Eunomiuni
508 3090 608 3122 Orat.
636 3089 715 3121 Xll.
755 3088 854 3121 Parte
891 3090 1000 3122 altera
1026 3102 1059 3134 p.
1086 3092 1167 3124 830.

62 3130 163 3162 Tom-
189 3131 231 3162 ll·
268 3134 451 3178 inquiens.-
492 3134 580 3180 Quis
605 3139 656 3167 ita
683 3136 862 3176 stupidus,
905 3140 947 3168 U*
972 3141 1137 3169 attonitus
1157 3159 1169 3177 ‚

60 3184 94 3207 ut
121 3179 275 3223 ignoret)
300 3183 385 3223 quod
408 3182 526 3214 divina
551 3183 682 3225 quidem
701 3189 820 3214 natura
847 3183 1026 3215 secundum
1050 3196 1168 3216 essen-

62 3226 146 3254 tiam
171 3223 332 3266 quidquid
355 3235 430 3267 est,
457 3239 520 3262 tina
545 3236 619 3268 est,
647 3229 813 3270 simplex,
840 3232 880 3260 (Τ
899 3228 1100 3271 uniformis,
1126 3232 1167 3262 δ”

63 3270 313 3310 incomposita,
348 3275 387 3303 (9⁹
413 3286 476 3317 ‹711ae
503 3276 594 3307 nullo
620 3275 717 3306 modo
745 3278 779 3306 in
804 3276 917 3318 aliqua
950 3280 1167 3308 concretione

62 3322 244 3351 cernattn·;
271 3316 409 3349 hnmana
433 3327 541 3352 autem
565 3324 676 3358 anima
702 3320 790 3352 hinni
815 3321 957 3364 jacens,
983 3324 1023 3354 <5⁸
1051 3326 1084 3354 in
1104 3322 1167 3355 hcc

2222 143 2277 190 ¹9

1232 201 1310 238 sive
1330 197 1484 239 Patrum
1513 202 1732 240 testimoniis
1761 204 1910 244 excludi
1940 206 2216 249 distinctionem
2245 225 2336 251 rea—

1230 253 1330 301 lem,
1362 267 1434 291 non
1465 263 1590 292 autem
1620 255 1897 296 distinctionem
1928 267 2120 302 rationis.
2164 266 2205 303 Id
2235 275 2335 317 patet

1233 305 1427 356 imprimis
1455 306 1500 344 de
1530 308 1703 346 Concilio
1733 308 1934 360 liemensi,
1965 316 2074 363 cujus
2104 330 2236 370 scopus
2257 329 2335 358 erat

1233 370 1398 396 errorem
1428 359 1596 399 Gilberti
1626 361 1820 401 porretani
1863 368 2123 418 proscribere,
2165 373 2233 423 qui
2269 386 2334 410 no—

1233 410 1338 447 mine
1367 412 1615 452 distinctionis
1642 428 1709 467 per
1745 419 1944 456 rationem
1986 420 2248 474 theologicam
2278 428 2335 464 in-

1232 461 1426 512 telligebat
1454 466 1731 506 distinctionem
1761 471 1914 509 realem
1931 501 1942 520 ,
1985 487 2146 526 eamque
2174 487 2333 516 statuere

1232 515 1462 564 conabatur,
1501 518 1667 569 rejecta,
1715 521 1832 561 veluti
1862 524 2138 575 insufficiente‚
2181 529 2335 569 abstra-

1234 571 1362 604 ctione
1382 568 1675 611 mathematica
1688 604 1697 622 ,
1726 589 1814 628 quae
1842 576 1941 616 nihil
1958 589 2037 618 erat
2056 580 2162 619 aliud
2180 611 2190 629 ‚
2219 597 2337 635 quam

1234 620 1425 658 distinctio
1454 624 1607 662 rationis
1628 653 1638 663 .

1273 673 1352 733 ⁸18.
1385 675 1427 712 ld
1456 676 1570 713 etiam
1602 677 1827 720 luculentius
1855 694 2013 736 apparet
2041 687 2082 724 in
2103 686 2249 727 Sanctis
2269 689 2337 728 Pa*

1232 725 1383 774 tribus,
1413 741 1507 779 quos
1537 730 1762 770 incredibile
1790 740 1945 775 omnino
1973 749 2052 788 est,
2094 754 2247 780 omnem
2277 743 2334 780 111-

1233 788 1289 817 ter
1317 781 1448 818 divina
1479 782 1660 821 attributa
1690 785 1818 823 tollere
1837 789 2119 831 distinctionem
2147 795 2333 844 voluisse,

1234 846 1324 870 cnm
1352 831 1456 871 hunc
1485 848 1652 874 errorem
1682 838 1719 874 in
1753 839 1885 888 Aetio,
1926 843 2144 895 Eunomio,
2191 862 2339 886 eorum·

1234 899 1309 936 que
1339 885 1491 925 asseclis
1520 889 1668 927 fortiter
1696 889 1729 926 δι
1759 893 1894 931 invicte
1924 899 2258 951 impugnaverint.

1265 990 1272 997 .
1296 952 1355 990 19·
1385 939 1460 978 Ob.
1490 943 1678 980 secundo.
1716 943 1758 982 Si
1787 944 1917 999 aliqua
1946 951 1983 986 in
2013 951 2093 989 Deo
2121 954 2339 994 admittatur

1236 991 1450 1040 distinctio,
1479 995 1595 1032 etiam
1624 995 1738 1034 solius
1768 999 1948 1049 rationis,
1977 1002 2107 1055 aliqua
2135 1009 2202 1044 erit
2222 1010 2260 1046 in
2280 1010 2340 1060 ip-

1238 1057 1277 1082 so
1304 1047 1556 1097 compositio;
1603 1063 1693 1087 nam
1722 1055 1946 1103 compositio
1987 1056 2084 1094 nihil
2112 1067 2165 1095 est
2201 1060 2305 1098 aliud
2327 1092 2338 1109 ‚

1238 1111 1356 1149 quam
1399 1100 1658 1140 distinctorum
1689 1105 1797 1150 uni05
1844 1108 1950 1159 atqui
1980 1109 2083 1147 nulla
2120 1125 2270 1162 prorsus
2299 1116 2340 1152 in

1238 1150 1322 1188 Deo
1349 1161 1427 1201 est,
1476 1163 1540 1191 aut
1582 1169 1658 1192 esse
1688 1167 1804 1208 potest
1839 1162 2082 1212 compositis),
2120 1178 2207 1201 cum
2238 1166 2341 1204 Dens

1237 1205 1283 1241 sit
1311 1218 1374 1242 ens
1403 1209 1649 1246 omnimodo
1676 1210 2029 1262 simplicissimum:
2057 1228 2143 1267 ergo
2172 1217 2243 1255 810.

1278 1270 1357 1317 ἀο.
1389 1257 1501 1311 Hesp.
1530 1273 1614 1312 neg.
1635 1262 1728 1314 maj.
1757 1278 1847 1303 nam
1868 1268 2190 1318 quemadmodum
2211 1271 2340 1309 distin*

1237 1318 1312 1347 ctio
1340 1324 1415 1350 non
1446 1322 1524 1362 est,
1555 1316 1626 1352 nisi
1656 1317 1695 1353 in
1726 1326 1849 1355 mente
1869 1329 2020 1368 nostra,
2051 1323 2102 1359 ita
2133 1325 2279 1362 nonnisi
2302 1326 2340 1361 in

1237 1373 1361 1401 mente
1390 1375 1512 1404 nostra
1542 1377 1594 1406 est
1620 1368 1883 1409 distinctorum
1916 1374 2029 1422 unio,
2072 1389 2159 1427 quae
2189 1390 2340 1428 (10111110ο

1237 1418 1322 1454 sitio
1350 1418 1515 1468 dicitur,
1546 1419 1580 1455 δε
1609 1421 1704 1460 1111111
1734 1432 1785 1461 est
1814 1424 2033 1476 hujusmodi
2062 1429 2100 1465 in
2129 1430 2210 1480 ipso
2238 1429 2339 1476 Deo,

1238 1470 1276 1506 in
1305 1484 1381 1521 quo
1400 1482 1452 1509 est
1480 1476 1740 1512 tantummodo
1760 1478 2071 1527 fundamentum,
2101 1482 2203 1532 quod
2233 1482 2339 1520 nobis

1236 1525 1500 1572 suppeditatur
1519 1526 1794 1576 distinguendi,
1824 1529 1905 1579 ejus
1924 1544 2062 1582 nempe
2083 1532 2233 1571 infinita
2255 1548 2337 1586 per-

1236 1574 1374 1622 sectio,
1403 1590 1490 1628 quae
1522 1577 1678 1627 multis,
1717 1578 1750 1614 ἀ
1770 1581 1934 1632 ,ὀὴ-91519
1964 1585 2258 1635 perfectionibus
2287 1602 2340 1624 ae«

1233 1627 1429 1677 quivalet.
1478 1630 1656 1667 Ceterum
1686 1633 1785 1682 quod
1815 1634 1981 1683 dicitur,
2030 1640 2339 1689 compositionem

1233 1690 1310 1713 esse
1338 1680 1596 1717 distinctorum
1619 1683 1793 1720 unionem
1812 1713 1821 1730 ‚
1853 1699 1984 1723 verum
2015 1698 2092 1735 est,
2121 1692 2271 1729 otiando
2293 1693 2339 1729 il-

1234 1727 1272 1764 la
1301 1728 1474 1768 distincte
1501 1745 1538 1768 se
1566 1742 1699 1770 mutuo
1718 1735 1947 1783 excludunt3
1977 1752 2081 1777 secus
2111 1729 2236 1779 alitem
2266 1755 2336 1791 est,

1233 1781 1386 1832 quando
1415 1796 1534 1821 unum
1565 1786 1604 1822 in
1633 1785 1709 1824 alio
1730 1787 1966 1839 includitur,
1998 1795 2096 1831 utin
2125 1794 2264 1833 divinis
2284 1808 2339 1836 at·

1233 1834 1385 1873 tributis
1414 1844 1570 1888 apparet
1601 1840 1694 1887 (a).

1288 1900 1352 1925 21.
1382 1888 1525 1927 Dices.
1572 1890 1806 1944 Simplicitas
1846 1897 2019 1935 omnium
2057 1901 2227 1938 maxima
2256 1902 2338 1941 Deo

1231 1947 1283 1977 est
1312 1941 1538 1989 tribuenda5
1588 1946 1691 1996 atqui
1734 1947 1859 1999 major
1888 1959 1939 1988 est
1969 1950 2036 1989 illa
2079 1953 2304 2004 simplicitas
2326 1987 2336 2005 ‚

1231 2007 1319 2045 quae
1348 2007 1502 2033 omnem
1523 1997 1800 2038 distinctionem
1821 2003 1934 2041 etiam
1966 2006 2118 2043 rationis
2148 2007 2336 2057 excludit,

1231 2060 1348 2098 quam
1378 2061 1466 2100 quae
1496 2050 1663 2090 excludit
1705 2052 1828 2092 solum
1857 2056 2133 2097 distinctionem
2162 2061 2303 2100 realem
2327 2076 2336 2099 :

1231 2113 1318 2150 ergo
1347 2099 1417 2138 Sec.

1286 2165 1351 2190 22.
1383 2153 1496 2206 Resp.
1525 2169 1615 2194 cum
1643 2157 1683 2196 S.
1714 2158 1864 2199 Thoma
1894 2161 1922 2200 I.
1953 2160 1994 2200 Ρ.
2022 2178 2088 2216 qu.
2116 2166 2173 2204 13.
2204 2176 2274 2205 art.
2297 2169 2336 2214 4.

1231 2206 1278 2243 ad
1309 2206 1346 2244 3.
1376 2205 1445 2244 lzoc
1475 2212 1601 2257 ipsum
1622 2211 1677 2247 ad
1694 2212 1918 2263 perfectam
1939 2215 2015 2253 Dei
2036 2221 2230 2256 unitatem
2250 2234 2338 2272 per-

1230 2263 1382 2307 tinere,
1412 2260 1512 2311 quod
1541 2275 1617 2309 ea,
1647 2276 1736 2313 quoe
1763 2276 1854 2303 sunt
1877 2270 2167 2319 multipliciter,
2197 2272 2247 2311 (J
2277 2272 2335 2310 di-

1230 2315 1341 2351 risun
1371 2314 1411 2350 in
1441 2315 1529 2351 aliis
1547 2344 1557 2362 ,
1588 2319 1628 2351 in
1657 2320 1739 2365 ipso
1768 2329 1859 2355 sunt
1887 2323 2144 2371 simpliciter,
2171 2326 2217 2364 ’ζῇ
2250 2330 2334 2363 uni->

1230 2375 1295 2404 te.
1334 2363 1390 2404 Et
1418 2380 1471 2404 ex
1498 2367 1567 2404 lzoc
1597 2373 1812 2422 contingit,
1843 2372 1943 2422 quod
1970 2383 2029 2411 est
2058 2389 2158 2413 unus
2185 2390 2254 2427 re,
2283 2382 2334 2420 (9¹

1229 2420 1359 2470 plures
1388 2419 1604 2458 secundum
1635 2426 1830 2460 rationem
1849 2439 1863 2468 ;
1892 2429 1988 2476 quia
2016 2429 2235 2468 intellectus
2265 2442 2334 2469 no-

1229 2483 1311 2510 ster
1339 2478 1397 2511 ita
1427 2475 1689 2524 multipliciter
1708 2476 1963 2527 apprehendit
1993 2493 2083 2518 eum
2101 2511 2112 2530 ,
2141 2488 2241 2521 sicut
2268 2498 2333 2523 res

1231 2527 1496 2577 multipliciter
1524 2531 1650 2579 ipsum
1679 2538 1972 2578 repraesentans
1989 2559 1999 2570 .

1285 2581 1348 2619 25.
1379 2580 1453 2618 Ob.
1484 2582 1618 2619 tertio.
1659 2581 1859 2621 Distinctio
1887 2585 2098 2637 quaslibet,
2126 2588 2239 2627 etiam
2269 2604 2332 2629 co-

1231 2634 1420 2683 gitationis
1450 2635 1546 2671 inter
1573 2635 1768 2673 essentiam
1797 2637 1970 2675 divinam
1988 2669 1998 2687 ,
2041 2640 2199 2692 ejusque
2227 2646 2331 2682 attri-

1231 2687 1321 2724 buta
1352 2696 1403 2723 est
1424 2687 1543 2732 falsa3
1574 2686 1669 2724 illud
1698 2690 1801 2726 enim
1822 2693 1958 2729 mentis
1979 2703 2110 2731 nostrae
2140 2695 2332 2745 judicium

1233 2749 1284 2777 est
1313 2739 1452 2778 falsum
1471 2770 1480 2788 ,
1509 2740 1609 2791 quod
1639 2740 1752 2779 rebus
1771 2756 1844 2781 non
1865 2747 2066 2792 convenit3
2097 2750 2201 2799 atqui
2223 2764 2330 2789 men—

1232 2794 1277 2830 tis
1307 2802 1444 2830 nostrae
1473 2803 1601 2839 actus,
1649 2807 1724 2845 quo
1753 2793 1997 2847 judicamus,
2047 2800 2118 2837 Dei
2149 2802 2327 2842 attributa

1230 2846 1280 2884 ab
1309 2848 1463 2885 essentia
1492 2846 1695 2897 distingui,
1725 2844 1837 2898 Deo,
1866 2860 1978 2902 prout
2006 2861 2059 2890 est
2088 2854 2126 2891 in
2154 2868 2217 2903 se,
2255 2857 2329 2895 mi*

1230 2901 1332 2938 nime
1361 2899 1551 2949 congruit:
1579 2912 1668 2951 ergo
1695 2899 1765 2940 &c-

2211 2959 2274 3009 24.

1223 3053 1357 3077 terrena
1384 3044 1449 3073 vitu
1474 3041 1590 3073 obruta
1608 3063 1618 3082 ,
1659 3043 1736 3086 quia
1762 3057 1825 3076 non
1849 3048 1963 3087 potesis
1981 3065 1992 3082 ,
2032 3047 2118 3087 quod
2143 3050 2297 3090 quaeritur
2316 3071 2326 3088 ‚

1222 3093 1314 3123 clare
1332 3111 1341 3127 ‚
1369 3094 1409 3119 ἐφ
1434 3088 1587 3120 dilucide
1611 3092 1805 3131 perspicere
1826 3111 1835 3129 ‚
1861 3093 1976 3122 multis
2003 3095 2140 3123 notitiis
2167 3093 2328 3133 ineffabi-

1222 3140 1286 3169 lem
1323 3142 1471 3167 naturum
1489 3155 1500 3173 ‚
1535 3136 1648 3167 multis
1675 3137 1784 3167 modis
1805 3156 1816 3174 ‚
1856 3141 1896 3168 (Τ
1924 3137 2145 3178 multifariam
2169 3143 2325 3181 expetit,

1221 3196 1283 3215 non
1308 3194 1369 3213 unu
1394 3182 1507 3223 (tliqua
1531 3182 1765 3224 intelligentia
1789 3183 1875 3223 quod
1888 3184 2074 3214 abstrusa-112
2101 3193 2154 3216 est
2181 3197 2324 3223 venans,

1221 3233 1293 3261 <ffic-
1320 3228 1386 3259 late
1412 3232 1644 3270 prosequens,
1688 3227 1858 3271 quomodo
1883 3240 1922 3260 ex
1962 3225 2107 3263 diversis
2132 3231 2195 3263 Dei
2222 3230 2323 3263 attri-

1218 3275 1311 3309 butis
1338 3274 1373 3305 in
1398 3270 1472 3316 ejus
1499 3274 1730 3316 cognitionem
1756 3275 1997 3317 perveniamus
2014 3293 2022 3305 .
