2577 3633
298 128 382 156 209

231 219 261 240 3,
290 192 444 228 difflatur
485 186 532 223 ad
559 198 644 222 eam
673 181 921 230 necessario„
954 179 1016 216 sed
1058 177 1340 228 contingenter,

288 242 433 280 scilicet
462 239 627 275 liberum
657 237 859 274 arbitrium
889 233 960 269 διο.
990 234 1019 252 “

290 294 378 331 205.
408 290 527 340 gProb.
557 299 681 328 autem
713 289 795 326 haec
824 285 864 324 S.
886 285 1045 322 Thomae
1063 313 1073 330 ,
1102 281 1261 334 ejusque
1277 282 1338 320 ‹di-

232 345 469 397 scipulorum
499 345 670 381 doctrina
691 344 735 380 iis
750 342 957 390 Scripturae
979 349 1094 374 sacrae
1110 335 1223 383 locis,
1253 336 1339 387 qui-

233 399 306 436 bus
335 397 591 449 praedestinati
620 397 801 433 dicuntur
838 402 930 428 oves
963 388 1129 437 Christi,
1169 388 1284 426 electi
1310 401 1340 424 a.

237 451 414 498 Christo,
463 449 496 485 8<
525 458 721 501 propterea
751 445 823 497 ipsi
850 443 999 481 Christo
1027 444 1104 479 noti
1131 441 1248 492 (vid.
1278 454 1339 478 su-

232 518 304 556 pra
332 518 368 541 u.
396 502 481 541 181.
513 503 556 551 )3
585 502 619 538 8<
647 500 770 538 adhuc
800 497 1064 544 manifestius,
1095 495 1162 532 ubi
1192 494 1339 546 praede-

230 558 358 594 stinati
388 557 567 593 dicuutur
595 570 616 591 a
644 554 726 590 Deo
754 550 860 588 Patre
889 549 1038 586 Christo
1066 549 1165 595 dati,
1197 555 1234 582 ut
1264 559 1337 584 non

230 618 414 661 pereant,
444 609 476 644 8<
507 621 575 658 pro
604 605 744 657 quibus
763 602 935 640 Christus
964 600 1167 638 efficaciter
1196 601 1339 636 oravit.

233 663 393 713 Insignis
422 670 475 698 est
504 660 608 696 locus
636 658 745 695 Joan.
775 654 906 693 XVII.
932 654 975 693 6.
1004 653 1038 689 8(
1067 668 1144 705 seq.
1171 653 1242 690 ubi
1263 652 1340 689 Do-

233 717 388 760 minus,
432 727 475 749 ac
507 712 734 762 Redemptor
763 717 886 746 noster
915 709 965 745 ita
995 706 1140 744 Patrem
1179 705 1340 756 alloqui-

233 775 319 804 tur:
363 763 631 815 lisanifestari
659 775 809 800 nomen
836 770 946 798 ticum
974 758 1217 806 hominibus,
1246 771 1341 808 quos

225 818 430 856 dedisti...
461 817 550 869 Ego
577 829 647 866 pro
676 820 731 853 eis
760 828 879 866 rogo,
908 824 988 851 non
1017 826 1085 865 pro
1115 810 1260 848 munito
1279 824 1341 846 ro-

232 886 308 924 go,
357 871 425 909 sed
454 884 521 920 pro
550 869 634 917 his,
678 882 771 920 quos
802 867 942 905 dedisti·
985 864 1106 912 milii,
1154 867 1246 915 quia
1284 866 1340 900 tici

229 933 322 962 sunt
431 924 537 974 Quos
566 922 706 960 dedisti
734 920 854 968 milii,
891 918 1078 956 custodivi
1096 948 1106 965 ,
1143 918 1192 957 (Ψ
1222 929 1339 954 nemo

228 992 283 1016 ex
307 982 367 1015 eis
394 981 533 1027 periit,
563 975 771 1029 nisifilius
797 973 1049 1024 perditionis.
1087 970 1146 1008 En
1177 979 1249 1006 tota
1278 983 1338 1007 ra-

228 1034 309 1078 tio,
339 1045 457 1083 quare
485 1029 653 1068 Christus
683 1041 769 1066 oves
797 1041 902 1074 suas,
933 1038 1068 1076 nempe
1089 1023 1337 1074 praedestina—

228 1093 282 1121 tos
304 1115 313 1131 ‚
344 1084 581 1135 cognoverit,
612 1083 703 1133 quia
732 1093 868 1131 nempe
898 1078 958 1115 illi
988 1078 1112 1114 traditi
1142 1077 1293 1112 fuerunt
1313 1090 1336 1112 a

229 1136 338 1174 Patre
367 1151 434 1189 per
465 1145 647 1173 aeternam
690 1146 821 1171 eorum
857 1130 1079 1169 electionem
1122 1130 1161 1166 in
1189 1128 1336 1166 Christo

225 1190 370 1228 factam
387 1217 398 1228 .

286 1243 375 1280 206.
405 1242 530 1289 Quem
557 1241 716 1289 locum,
758 1239 846 1277 licet
874 1251 943 1290 per
984 1251 1021 1274 se
1060 1236 1335 1287 perspicuum,

227 1296 281 1333 ita
310 1296 350 1333 S.
371 1296 601 1346 Augustinus
642 1293 806 1330 illustrat
848 1291 896 1327 (le
937 1297 1101 1338 corrept.
1145 1289 1193 1327 Θ·
1228 1296 1336 1338 grat.

229 1363 316 1399 cap.
337 1362 375 1399 9.
420 1348 623 1399 inquiens:
672 1345 728 1381 Hi
770 1357 862 1395 ergo
894 1342 1042 1379 Christo
1070 1341 1337 1390 intelliguntur

229 1401 318 1437 clari·
336 1430 346 1448 ,
389 1403 452 1450 qui
481 1399 652 1435 ordinati
680 1405 769 1433 sunt
798 1401 838 1433 in
866 1399 989 1432 vitam
1027 1402 1225 1430 aeternam
1243 1418 1253 1428 .
1301 1391 1337 1427 I-

228 1457 288 1503 psi
315 1461 405 1489 sunt
435 1451 488 1488 illi
515 1450 813 1501 praedestinati,
843 1448 892 1487 ζῷ’
920 1444 1137 1483 secundum
1166 1448 1338 1494 proposi-

225 1514 311 1541 tum
341 1508 492 1551 vocati,
538 1516 703 1554 quorum
732 1502 860 1538 nullus
902 1503 1021 1550 perit.
1064 1498 1123 1534 Ac
1157 1510 1226 1547 per
1267 1495 1339 1532 lzoc

227 1559 355 1596 nullus
385 1571 521 1596 eorum
551 1569 603 1594 ex
631 1554 729 1592 bono
758 1559 799 1592 in
836 1553 991 1590 malum
1034 1559 1210 1587 mutatus
1237 1548 1338 1602 finit:

228 1611 332 1648 hanc
362 1615 511 1659 vitam,
558 1613 751 1661 quoniam
780 1611 835 1644 sic
865 1615 923 1644 est
951 1604 1186 1650 ordinatus,
1229 1603 1278 1642 Θ
1307 1607 1338 1639 i-

228 1664 301 1702 deo
334 1664 486 1702 Christo
514 1663 658 1710 datus,
701 1670 741 1699 ut
770 1673 850 1698 non
878 1667 1042 1710 pereat,
1090 1656 1160 1694 sed
1192 1654 1335 1694 liabent:

230 1722 353 1757 sitam
382 1726 582 1754 aeternam
612 1715 703 1766 (a).
808 1739 832 1761 0

286 1784 377 1820 207.
407 1769 545 1806 Nullus
573 1777 699 1806 autem
727 1775 820 1803 esset
849 1764 962 1811 finis,
996 1763 1027 1799 si
1054 1761 1132 1798 alia
1160 1759 1275 1809 liujus
1295 1760 1336 1797 S.

228 1821 349 1859 Patris
376 1821 460 1858 loca
488 1819 745 1870 agglomerare
787 1816 948 1862 vellem,
996 1814 1136 1864 quibus
1177 1812 1338 1848 ostendi-

226 1883 316 1921 tur,
346 1874 608 1929 potissimam,
638 1872 716 1907 imo
744 1871 901 1906 unicam
932 1868 1137 1911 rationem,
1167 1877 1235 1901 cur
1255 1863 1339 1900 Deo

227 1937 364 1974 notus,
394 1927 427 1962 &
456 1934 578 1962 certus
606 1924 651 1960 sit
677 1921 946 1960 salvandorum
977 1931 1158 1957 numerus
1176 1946 1185 1964 ‚
1216 1929 1260 1953 ex
1280 1916 1338 1953 di-

229 1982 320 2018 vina
350 1979 506 2016 illorum
536 1977 718 2014 electione
746 1975 794 2012 ad
821 1973 983 2024 gloriam
1013 1972 1131 2007 oriri.
1179 1970 1267 2016 Qua
1295 1969 1340 2005 de

230 2046 272 2070 re
310 2032 429 2069 multa
457 2031 555 2068 dicta
585 2038 669 2066 sunt
697 2029 738 2064 in
767 2027 925 2064 Dissert.
945 2024 1015 2062 IV.
1057 2022 1125 2059 ubi
1161 2021 1341 2071 agebatur

228 2085 276 2122 de
306 2085 455 2131 medio,
500 2084 540 2120 in
567 2094 643 2133 quo
672 2081 775 2117 Deus
803 2078 878 2116 alia
906 2093 929 2114 a
957 2089 994 2113 se
1036 2076 1249 2124 cognoscit,
1298 2086 1344 2110 ae

229 2139 428 2190 praecipue
455 2148 562 2172 num.
591 2133 677 2178 114.
709 2131 741 2167 8<
769 2145 847 2182 seq.
877 2128 945 2166 ubi
973 2141 1020 2165 ex
1049 2126 1119 2163 hoc
1147 2126 1187 2164 S.
1204 2126 1342 2163 Docto-

231 2204 272 2227 re
302 2191 528 2227 ostendimus
545 2217 556 2235 ,
585 2187 712 2224 futura
741 2184 883 2221 ordinis
910 2178 1343 2233 supernatur-alisaDeo

231 2245 355 2281 videri
396 2244 436 2280 in
484 2242 561 2278 suis
602 2237 824 2276 efficacibus
864 2235 1049 2273 decretis.
1098 2232 1184 2269 Huc
1227 2232 1342 2268 etiam

229 2305 423 2348 spectant,
453 2308 541 2346 quae
570 2293 614 2330 de
643 2290 967 2344 praedestinatione
986 2285 1148 2339 gratuita
1169 2285 1340 2336 superius

229 2358 363 2387 contra
391 2347 603 2386 Molinistas
631 2343 935 2395 disputavimus.

289 2402 380 2440 208.
406 2398 605 2438 concludo
633 2398 757 2436 verbis
787 2395 825 2433 S.
846 2393 1043 2446 Fulgentii
1072 2390 1160 2429 Lib.
1182 2390 1250 2427 III.
1293 2389 1340 2427 (le

237 2460 345 2495 verit.
382 2453 653 2505 praedestinat.
690 2450 739 2490 ζῇ*
768 2457 876 2501 grat.
914 2461 1002 2498 cap.
1025 2447 1061 2483 5.
1082 2474 1109 2492 „
1157 2442 1218 2480 Illi
1255 2455 1340 2493 ergo

238 2540 264 2558 „
292 2520 452 2546 numero
489 2501 827 2556 (salvandorum)
869 2514 939 2538 nec
982 2498 1122 2550 aliquis
1162 2495 1340 2543 additur,

238 2592 266 2610 „
296 2575 361 2599 nec
389 2559 532 2610 aliquis
559 2557 745 2601 demitur5
791 2555 882 2607 quia
923 2553 1133 2590 secuudum
1174 2550 1342 2600 proposi-

238 2644 266 2663 „
294 2624 375 2651 tum
405 2611 602 2651 voluntatis
630 2623 708 2648 suae
737 2608 842 2646 Deus
866 2615 1010 2645 sanctos
1036 2615 1121 2642 suos
1148 2601 1343 2654 praedesti-

242 2696 269 2714 „
298 2667 427 2712 navit,
456 2664 501 2702 de
529 2676 605 2715 quo
633 2664 816 2713 scriptum
842 2669 918 2707 est,
947 2661 1040 2710 quia
1069 2658 1208 2693 omnm
1238 2667 1345 2705 quoe·

245 2749 270 2768 „
302 2731 467 2768 cumque
495 2714 783 2767 5⁴0luit,fecit.
813 2714 868 2750 lta
897 2725 1006 2750 nemo
1035 2707 1244 2762 potestejus
1261 2721 1345 2745 mu-

245 2801 271 2821 „
299 2780 378 2809 tare
407 2770 772 2822 praedestinationem
790 2797 800 2815 ,
842 2767 937 2803 sicut
967 2763 1094 2802 nullus
1123 2770 1238 2814 potest
1265 2759 1348 2810 ejus

301 2826 452 2864 vincere
483 2821 715 2862 voluntatem
733 2848 743 2860 .
772 2819 885 2869 Quod
912 2819 943 2856 si
967 2829 1151 2856 *numerus
1179 2813 1244 2853 ille
1263 2826 1348 2852 cer-

234 273 261 292 ’9

244 2854 272 2873 Β)

292 2975 337 3008 (zu
366 2972 460 3003 lnter
480 2970 564 3003 alias
583 2968 691 3002 Lessii
707 2991 717 3009 ,
743 2971 774 3000 8<
793 2967 941 3001 “Hamelii
960 2962 1207 3012 propositiones
1232 2957 1349 2997 adua-

247 3014 311 3046 bus
337 3015 530 3048 Academiis
556 3015 785 3054 Lovaniensi,
821 3019 854 3046 δε
878 3016 1041 3047 Duacena
1071 3024 1216 3045 censura
1244 3011 1347 3043 confi-

247 3071 308 3091 XflS
324 3080 334 3097 ι
357 3060 428 3094 haec
453 3070 527 3094 erat
552 3074 647 3094 num.
674 3062 791 3094 XXV.
832 3061 911 3094 Non
937 3068 990 3092 est
1017 3061 1167 3092 voluntas
1192 3058 1345 3089 absoluta

252 3104 396 3145 Patris>
430 3117 463 3139 ut
488 3120 626 3147 omnes,
661 3120 740 3151 qnos
766 3111 839 3150 ipse
865 3109 925 3140 dat
948 3105 1068 3145 Filio,
1104 3105 1255 3138 absolute
1282 3104 1352 3135 sal-

251 3159 390 3188 ventur,
415 3160 449 3182 nt
472 3161 563 3194 putet
581 3154 701 3185 Joann.
721 3151 831 3185 XVII.
858 3154 910 3186 nbi
935 3154 1050 3191 dicit,
1075 3153 1161 3194 quod
1186 3162 1227 3182 ex
1253 3151 1350 3187 iliis,

251 3209 332 3239 (filos
357 3198 455 3227 decli!
480 3201 510 3227 ei
532 3199 657 3238 Pater,
681 3204 826 3242 perierit
841 3200 947 3241 filius
972 3199 1181 3242 perditionis
1206 3200 1259 3239 qui
1281 3198 1350 3226 sei-

252 3253 345 3284 psum
361 3242 501 3284 perdere
529 3246 631 3275 voluit
647 3259 659 3280 ;
686 3247 746 3277 sed
771 3248 921 3278 voluntas
942 3244 1056 3277 Patris
1075 3251 1128 3275 est
1143 3265 1154 3282 ,
1180 3251 1214 3274 ιιι
1239 3253 1350 3273 ovines

252 3287 396 3320 habeant
413 3290 614 3328 sufficientia
637 3292 789 3328 urzleia,
814 3295 856 3322 ἔφ’
880 3303 943 3324 non
965 3299 1032 3324 stet
1046 3302 1108 3333 per
1125 3294 1231 3331 ipsum
1246 3308 1255 3327 ‚
1273 3299 1349 3330 quo·-

996 96 1399 143 DISSERTATIO
1423 95 1501 139 VI.
1550 93 1682 137 CAP.
1707 91 1766 136 V.

1409 205 1434 223 ‚‚
1464 183 1520 211 tus
1550 186 1620 210 non
1653 180 1706 209 est
1748 170 1851 222 apud
1879 164 2033 218 Deum,
2080 176 2144 208 aut
2186 170 2340 210 scientia
2381 171 2511 214 divina

1410 257 1435 276 „
1467 227 1635 272 fallitur,
1665 232 1728 261 aut
1759 222 1926 261 voluntas
1954 225 2086 262 divina
2106 232 2303 273 mutatur,
2332 233 2396 263 aut
2415 227 2511 268 divi-

1464 294 1513 316 na
1543 279 1658 315 virtus
1687 276 1909 314 adversitate
1938 275 2071 327 aliqua
2098 287 2322 329 superatur.
2344 282 2373 301 ‘⁶

1462 344 1551 381 209.
1581 330 1740 376 Quaeres
1768 329 1893 381 primo
1913 357 1924 376 ,
1970 337 2128 380 quantus
2156 332 2202 367 sit
2243 331 2510 371 salvandorum

1407 381 1616 423 numerus?

1462 436 1573 487 Hesp.
1603 435 1684 473 Deo
1712 447 1783 472 non
1814 433 2001 485 placuisse
2029 433 2213 472 Ecclesiae
2256 434 2327 475 hoc
2367 438 2513 478 revela·-

1407 503 1474 527 re.
1504 489 1603 525 Nam
1633 488 1750 525 Lucae
1772 487 1878 524 Xffl.
1902 487 1965 525 25.
1994 501 2082 524 cum
2112 487 2272 538 quidam
2303 490 2512 530 Dominum

1407 544 1459 579 ita
1487 542 1765 591 interrogasset:
1813 539 2015 588 Domine,
2056 543 2089 577 si
2130 544 2248 589 pauci
2289 550 2408 590 sunt,
2448 550 2516 594 qui

1407 595 1615 631 salvantur
1631 592 1654 628 ?
1682 593 1850 630 Christus
1879 593 1960 644 ejus
1989 593 2198 631 curiositati
2219 594 2431 632 satisfacere
2450 608 2515 632 no-

1407 647 1505 692 luit3
1536 647 1598 683 sed
1628 647 1751 697 potius
1779 659 1909 683 omnes
1939 646 1984 683 ad
2005 647 2192 694 studium,
2222 647 2255 682 81
2276 646 2516 698 diligentiam

1405 700 1680 750 consequendae
1710 698 1840 737 salutis
1865 697 2078 736 exhortatus
2106 708 2187 747 est,
2226 699 2383 738 dicens:
2425 713 2518 738 con-

1407 752 1552 790 tendite
1581 756 1734 789 intrare
1761 764 1830 802 per
1858 761 2077 801 angustam
2096 761 2276 801 portam.
2306 752 2441 805 Aliqui
2463 762 2517 792 ta—

1408 820 1497 844 men
1526 806 1591 853 id,
1628 807 1687 843 sin
1717 806 1842 842 minus
1870 813 1996 852 certe,
2041 801 2172 842 saltem
2200 805 2394 856 probabili
2423 821 2518 858 qua·

1407 859 1496 896 dam
1525 857 1745 910 conjectura
1773 871 1810 896 se
1839 858 1987 909 assequi
2017 870 2122 908 posse
2149 858 2416 904 crediderunt3
2447 873 2518 897 un·

1407 913 1452 949 de
1481 911 1609 963 plnres
1638 912 1832 949 sententiae
1863 920 1960 948 natae
1991 919 2104 948 sunt.
2133 909 2263 949 Prima
2291 919 2343 948 est
2360 924 2516 960 eorum,

1407 965 1474 1016 qui
1505 973 1713 1016 putarunt,
1757 973 1806 1002 tot
1834 978 1910 1001 esse
1939 977 1984 1000 ex
2026 963 2248 1002 homiuibus
2289 963 2517 1012 salvandos,

1405 1026 1495 1068 quot
1524 1017 1659 1069 Angeli
1689 1016 1848 1054 salutem
1877 1018 2064 1054 consecuti
2106 1026 2216 1063 sunt3
2264 1017 2366 1069 quod
2408 1017 2518 1056 colli¹⁵

1404 1079 1495 1120 gunt
1523 1084 1568 1108 ex
1599 1071 1642 1108 iis
1672 1070 1797 1108 verbis
1828 1070 2034 1107 Deuteron.
2056 1069 2226 1108 XXXII.
2255 1069 2295 1108 8.
2325 1069 2433 1121 juxta
2461 1070 2516 1108 le-

1402 1124 1569 1161 ctionem
1599 1122 1725 1161 LXX.
1756 1123 1918 1174 interpr.
1952 1125 2089 1159 statutt
2130 1124 2322 1160 terminos
2362 1124 2516 1174 populo·

1402 1188 1493 1213 rum
1516 1177 1641 1228 juxta
1668 1189 1880 1213 numerum
1911 1175 2153 1227 Angelorum
2173 1175 2278 1213 Dei.
2309 1176 2364 1213 Ita
2384 1178 2516 1228 opina-

1402 1230 1432 1266 ti
1474 1238 1557 1266 sunt
1586 1230 1626 1267 S.
1647 1229 1851 1279 Gregorius
1894 1227 1954 1264 Μ.
1984 1229 2100 1266 Hom.
2121 1227 2185 1273 54.
2228 1229 2268 1266 iu
2298 1228 2515 1281 Evangeh,

1404 1281 1578 1319 Ecclesia
1606 1281 1870 1331 Lugdunensis
1899 1279 1989 1317 Lib.
2019 1280 2066 1318 de
2095 1280 2215 1317 trihus
2244 1283 2390 1331 epistol.
2427 1297 2516 1334 cap·

1405 1333 1474 1371 ult.
1492 1363 1502 1380 ‚
1534 1333 1567 1368 δε
1596 1332 1768 1370 nonnulli
1798 1332 1865 1370 alii
1882 1357 1893 1368 .
1941 1331 2017 1368 Sed
2045 1341 2169 1370 noster
2197 1333 2373 1383 vulgatus
2401 1335 2517 1371 inter-

1405 1399 1488 1436 pres
1517 1386 1649 1424 vertit:
1673 1387 1799 1436 juxta
1828 1396 2042 1421 numerum
2059 1383 2244 1435 filiorum
2275 1384 2402 1422 Israel
2417 1399 2431 1422 .·
2475 1395 2515 1424 ut

1404 1451 1529 1475 seusus
1559 1439 1631 1486 sit,
1674 1447 1772 1476 terra
1800 1436 2102 1474 Chananaeorum
2132 1438 2184 1475 ita
2222 1451 2300 1475 esse
2342 1438 2513 1478 dividen-

1406 1490 1480 1538 da,
1511 1500 1552 1528 ut
1580 1504 1741 1529 numero
1770 1490 1940 1528 filiorum
1971 1489 2083 1527 Israel
2114 1489 2327 1528 sufficeret.

1462 1557 1553 1581 210.
1585 1543 1713 1582 Altera
1741 1545 1923 1582 sententia
1952 1542 2058 1591 vult,
2093 1552 2143 1581 tot
2170 1557 2246 1582 esse
2275 1557 2320 1582 ex
2348 1543 2518 1583 homini-

1405 1596 1477 1634 bus
1504 1596 1728 1645 salvandos,
1758 1605 1848 1650 quot
1880 1595 2014 1646 Angeli
2043 1597 2262 1648 perierunt,
2298 1605 2344 1634 *ut
2373 1597 2518 1635 scilicet

1404 1662 1538 1687 eorum
1568 1664 1748 1688 numerus
1792 1649 2041 1694 resarciatur3
2089 1650 2188 1686 unde
2231 1649 2329 1687 illud
2369 1651 2518 1689 dictum

1404 1711 1559 1753 putatur
1588 1704 1628 1740 in
1658 1702 1830 1742 Psalmo:
1860 1701 2031 1752 implebit
2060 1706 2200 1739 ruinas
2217 1718 2232 1747 ,·
2261 1703 2362 1755 quod
2390 1712 2517 1742 tamen

1405 1755 1514 1803 longe
1542 1755 1664 1790 alium
1693 1755 1808 1792 habet
1837 1768 1987 1792 sensum
2005 1780 2017 1790 .
2067 1755 2236 1792 Firmius
2279 1755 2392 1802 hujus
2433 1757 2518 1807 opi-

1404 1806 1525 1842 nionis
1554 1806 1844 1843 fundamentum
1875 1817 1920 1841 ex
1950 1818 1993 1841 eo
2021 1805 2168 1843 desumi
2199 1802 2375 1855 videtur,
2413 1809 2515 1860 quod

1404 1857 1579 1895 credatur
1608 1871 1675 1909 per
1708 1858 1908 1895 hominum
1950 1857 2109 1894 salutem
2153 1862 2354 1897 restaurari
2396 1860 2518 1911 jactu-

1407 1923 1489 1947 ram
1507 1939 1517 1958 ,
1546 1924 1635 1962 quae
1666 1925 1733 1962 per
1762 1910 1995 1960 Angelorum
2026 1910 2175 1960 lapsum
2206 1912 2304 1949 facta
2331 1921 2409 1957 est3
2438 1926 2515 1965 quo

1406 1963 1523 2000 etiam
1553 1971 1720 2014 spectare
1761 1963 1968 2000 creduntur
2010 1961 2079 1999 illa.
2107 1963 2276 2015 Apostoli
2319 1965 2435 2004 verba
2463 1965 2517 2004 E-

1409 2014 1515 2065 phes.
1537 2016 1568 2052 I.
1595 2028 1679 2054 10.:
1728 2019 1956 2052 instaurare
1983 2018 2125 2052 omnia
2153 2020 2195 2053 ιή
2227 2015 2399 2066 Christo,
2428 2031 2518 2070 quoe

1410 2071 1451 2104 in
1480 2069 1616 2117 coelis,
1655 2069 1703 2108 Θ
1732 2081 1820 2119 quae
1849 2071 1889 2105 in
1918 2076 2028 2105 terra
2055 2077 2174 2117 sunt,
2217 2073 2258 2106 in
2293 2074 2399 2120 ipso.
2444 2071 2520 2110 Ve-

1410 2129 1624 2158 rumtamen
1653 2135 1777 2173 neque
1806 2120 1890 2159 haec
1919 2122 2015 2159 ratio
2040 2122 2129 2158 satis
2165 2121 2292 2160 valida
2331 2139 2352 2161 a
2386 2134 2516 2174 paret;

1410 2185 1531 2224 neque
1560 2173 1665 2212 locus
1696 2173 1865 2226 Apostoli
1892 2174 1932 2212 id
1960 2176 2112 2226 proprie
2140 2175 2342 2226 indigitat.
2392 2176 2452 2214 *tsi
2479 2191 2519 2214 e-

1410 2226 1492 2285 nim
1523 2226 1764 2268 admittamus
1793 2241 1904 2275 eam,
1952 2241 2068 2279 quam
2098 2227 2283 2279 Theologi
2325 2228 2521 2281 appellant

1409 2281 1720 2318 instaurationem
1749 2282 1869 2319 ruinae
1885 2280 2081 2331 Angelicae
2111 2294 2178 2331 per
2206 2280 2378 2320 homines
2400 2282 2520 2321 aDeo

1408 2333 1449 2370 in
1479 2332 1605 2370 locum
1635 2332 1870 2384 Angelorum
1900 2333 2056 2378 electos;
2094 2347 2166 2371 non
2195 2334 2282 2371 inde
2309 2343 2435 2373 tamen
2463 2348 2521 2372 se-

1408 2385 1566 2436 quitur,
1595 2402 1618 2424 a
1638 2386 1719 2424 Deo
1747 2395 1801 2423 tot
1830 2387 1944 2425 fuisse
1973 2385 2142 2423 homines
2171 2386 2217 2424 ad
2236 2386 2397 2438 gloriam
2418 2401 2521 2439 prae-

1407 2439 1604 2477 destinatos
1621 2469 1632 2487 ,
1669 2448 1758 2490 quot
1788 2439 1924 2491 Angeli
1952 2452 1973 2475 e
2001 2438 2100 2476 coelo
2128 2441 2345 2491 praecipites
2373 2442 2520 2478 cecide-

1407 2500 1521 2537 runt3
1555 2493 1619 2530 sed
1646 2491 1770 2530 solum
1799 2492 2024 2543 generaliter
2053 2493 2165 2530 fuisse
2196 2492 2364 2531 homines
2395 2494 2519 2544 Ange-

1409 2543 1455 2581 lis
1485 2545 1694 2596 reprobatis
1720 2545 1958 2597 subrogatos,
1987 2545 2089 2597 quod
2117 2545 2290 2584 nonnulli
2306 2546 2433 2584 Sancti
2450 2547 2520 2585 Pa-

1410 2606 1482 2657 tres
1510 2599 1772 2648 tradiderunt,
1821 2609 1933 2651 atque
1971 2599 2065 2636 inter
2102 2597 2196 2636 alios
2224 2599 2266 2637 S.
2289 2600 2518 2651 Augustinus

1413 2650 1502 2687 Lib.
1523 2651 1651 2689 XXII.
1682 2652 1729 2690 de
1759 2651 1840 2689 Ctv.
1869 2651 1946 2690 Dei
1976 2666 2060 2703 cap.
2087 2665 2121 2688 ι.
2163 2652 2363 2704 Apostolus
2391 2659 2520 2689 autem

1414 2703 1521 2752 vult,
1551 2705 1745 2743 Christum
1775 2720 1850 2744 esse
1879 2706 2118 2744 constitutum
2148 2715 2261 2757 caput
2289 2705 2460 2742 omnium
2481 2718 2520 2741 e-

1415 2755 1626 2807 lectorum,
1658 2767 1734 2796 tam
1764 2772 1809 2796 ex
1838 2758 2082 2804 hominibus,
2117 2772 2234 2809 quam
2263 2770 2309 2794 ex
2338 2755 2522 2807 Angelis;

1417 2811 1515 2848 unde
1544 2812 1583 2849 in
1612 2812 1687 2849 fine
1716 2814 1825 2864 epist.
1855 2812 1973 2861 dicit,
2021 2810 2215 2849 Christum
2243 2810 2356 2847 fuisse
2385 2810 2522 2847 consti-

2410 2871 2467 2903 tu-

1408 309 1434 328 27

1420 2961 1528 2992 mium
1554 2961 1741 2993 salae-ntur.
1768 2960 1841 2994 Nec
1867 2957 1968 2993 aliter
1994 2957 2099 2990 sensit
2124 2956 2257 2990 Molina
2284 2956 2318 2988 in
2344 2968 2406 2991 sua
2432 2957 2521 2992 Con-

1414 3008 1535 3038 cordia
1555 3016 1682 3050 quaest.
1724 3007 1775 3048 14.
1803 3015 1868 3039 art.
1901 3007 1952 3037 13.
1979 3003 2066 3047 disp.
2108 3014 2159 3035 12.
2197 3004 2384 3048 quamvis,
2419 3011 2456 3036 ut
2483 3004 2520 3036 P.

1414 3050 1481 3082 Th.
1506 3051 1545 3083 de
1566 3054 1686 3086 Lemos
1706 3053 1873 3096 Panopliae
1893 3050 1992 3084 Tom-
2009 3051 2050 3081 lt.
2077 3058 2177 3083 tract..
2205 3060 2235 3080 2.
2262 3060 2359 3094 capp.
2380 3050 2437 3093 37.
2462 3050 2527 3083 ob-

1422 3099 1598 3138 servavit,
1634 3111 1732 3132 suam
1759 3098 1964 3131 sententiam
1991 3097 2103 3129 multo
2127 3096 2312 3130 verborum
2344 3096 2523 3129 involucro

1421 3142 1628 3177 abscondere
1653 3146 1816 3188 sategerit
1832 3167 1840 3174 .
1866 3142 1944 3176 Vid.
1971 3141 2060 3175 laud.
2082 3143 2116 3174 P.
2141 3144 2262 3175 Lemos
2287 3154 2362 3186 cap.
2389 3153 2460 3186 seq.
2486 3142 2521 3172 in

1419 3189 1552 3267 {indm}
1573 3202 1691 3224 veram
1717 3190 1849 3225 Christi
1874 3190 2059 3224 verborum
2096 3189 2360 3233 intelligentiam
2387 3187 2520 3232 copiose

1444 3245 1530 3268 (erent
1546 3245 1569 3267 it
1582 3258 1589 3267 .
