2577 3633
2130 39 2186 77 IX

95 120 198 170 Deo
235 116 524 166 benedicente
550 112 714 161 inutilis
751 112 940 159 omnino
958 127 1052 158 non
1090 112 1206 170 suit3
1243 111 1406 177 fugatis
1442 111 1563 159 enim
1588 110 1741 174 primis
1778 110 1860 158 illis
1885 109 2097 168 tenebris,
2144 130 2261 178 quas..

93 188 157 235 rei
192 186 362 232 novitas
385 220 395 239 ,
453 194 496 229 et
531 182 674 246 prima
709 180 917 228 confusio
955 178 1250 235 induxerant,
1310 192 1350 227 et
1387 178 1615 245 principiis
1650 179 1988 226 Catholicorum
2027 179 2251 227 solidioris

95 251 370 314 Theologiae
405 266 492 314 ope
527 247 674 295 debita
709 248 755 295 in
791 247 886 294 luce
922 246 1177 303 collocatis,
1227 264 1320 292 non
1359 247 1485 311 pauci
1523 246 1730 292 omnium
1766 247 1977 292 ordinum
2015 246 2070 293 ad
2103 264 2252 294 veram

91 319 229 366 fidem
263 318 518 374 redierunt3
570 315 731 379 aliique
768 314 812 360 in
848 330 898 359 ea
933 311 1116 359 validius
1166 323 1267 358 sunt
1302 312 1590 360 confirmati.
1648 313 1802 376 Atque
1838 310 1886 358 hi
1924 312 2105 360 suerum
2139 331 2254 360 verae

93 384 364 447 Theologiae
384 384 578 441 fructus3
615 398 728 446 quos
749 398 869 426 nunc
889 379 1023 425 etiam
1037 396 1212 442 sperare
1249 396 1514 441 possumus,
1549 379 1584 425 si
1620 378 1817 425 divinam
1852 376 1968 425 hanc
1987 380 2216 427 scientiam
2238 415 2252 435 ,

90 469 179 516 qua
204 468 283 515 par
307 461 403 507 est,
436 449 692 503 sedulitate,
727 465 778 495 ac
812 446 1040 509 diligentia
1066 446 1354 500 excolamus,
1390 458 1434 491 ut
1464 464 1553 491 non
1588 446 1790 510 vulgares
1815 481 1829 502 ,
1865 455 1907 491 et
1943 456 1992 492 ut
2024 446 2111 491 dici
2146 465 2257 493 con-

91 519 255 573 suevit,
290 517 388 564 solo
420 518 565 580 capite
600 514 751 571 censi,
784 513 860 560 sed
895 514 984 560 veri
1022 513 1217 560 nominis
1238 549 1251 569 ,
1286 524 1417 576 atque
1453 523 1706 576 praestantes
1728 549 1741 569 ,
1776 511 1926 576 quales
1960 512 2117 576 religio
2151 530 2256 560 sana

90 597 160 631 cta
194 583 473 648 expostulat,
508 581 739 645 Tlteologi
775 580 1099 627 efformentur.

160 651 239 698 Ad
275 651 319 696 id
355 661 503 696 autem
539 666 632 696 non
669 665 833 713 pauca,
881 665 963 694 nec
998 647 1106 692 levia
1142 645 1463 710 requiruntur,
1515 661 1571 690 ex
1602 662 1800 718 qgrwum
1837 644 2048 709 neglectu
2084 644 2260 693 theol0=

89 717 202 780 gicae
236 717 557 782 disputationes
593 733 677 780 pro
711 732 836 770 vera,
876 730 1074 778 pmraque
1110 712 1353 777 Religione
1389 710 1774 759 servandam‘hms
1811 712 1985 759 inutiles
2019 713 2261 760 certissime

95 784 256 831 futurae
290 794 429 831 sunt.
465 784 539 833 Ac
575 781 722 848 primo
758 781 941 844 quidem
976 779 1226 842 Theologo
1261 779 1550 826 necessariam
1588 794 1682 823 esse
1718 776 1820 823 dico
1856 797 1950 826 non
1986 780 2263 834 mediocrem

91 851 349 916 linguarum
384 868 568 913 graecae,
601 859 645 894 et
680 845 901 893 hebraicae
937 847 1176 910 peritiam3
1213 857 1259 892 ut
1293 848 1329 894 si
1366 863 1480 910 opus
1514 843 1592 897 sit,
1630 854 1672 889 et
1703 860 1811 891 cum
1834 844 2009 893 Judaeis
2034 885 2045 905 ,
2080 847 2157 912 qui
2193 846 2258 896 Ve

92 917 152 967 T.
191 916 420 971 hebraicos
455 916 603 961 fontes
638 911 768 960 nobis
804 926 1024 978 perpetuo
1058 912 1318 978 objiciunt,
1352 924 1396 959 et
1432 929 1535 958 cum
1569 909 1908 968 Heterodoxis,
1944 914 2021 976 qui
2056 925 2261 960 nostrum

96 983 323 1046 vulgatum
359 984 652 1045 Interpre-tern
690 981 888 1044 recipere
925 981 1114 1036 nolunt,
1150 982 1268 1044 justo
1306 990 1444 1027 marte
1470 978 1724 1039 congredi,
1763 990 1805 1025 et
1840 977 2066 1041 disputare
2100 980 2259 1028 valeat„

96 1049 279 1097 Etenim
313 1048 408 1096 sine
445 1049 627 1096 istarum
662 1049 919 1111 linguarum
953 1047 1158 1095 subsidiis
1193 1049 1245 1095 ad
1269 1064 1427 1094 ornnes
1454 1045 1808 1093 adversariorum
1843 1044 2154 1103 difficultates,
2189 1058 2263 1095 ut·

92 1126 140 1162 ut
159 1116 403 1172 levisimas,
440 1115 658 1172 haerebit,
693 1116 943 1181 frustraque
967 1115 1023 1161 ad
1058 1127 1208 1162 nostra
1231 1114 1377 1164 Biblia
1410 1129 1488 1160 eos
1522 1111 1803 1177 provocabit,
1838 1112 1874 1159 si
1908 1130 1961 1160 ea
1995 1131 2027 1160 a·
2053 1114 2265 1179 pritnigce

94 1184 171 1229 nio
205 1194 338 1231 textu,
365 1183 560 1230 deficere
593 1182 797 1230 cavillose
831 1182 1137 1229 contendant.

165 1249 328 1315 Neque
365 1267 470 1297 vero
506 1251 550 1296 in
585 1250 691 1297 solis
724 1248 913 1314 publicis
947 1248 1292 1306 certaminibus,
1332 1264 1434 1312 quae
1458 1263 1560 1294 raro
1586 1246 1886 1309 contingunt,
1921 1246 1999 1294 sed
2034 1258 2078 1294 et
2113 1247 2158 1293 in
2183 1247 2265 1295 do-=

94 1317 284 1363 mesticis
320 1318 430 1382 ipsis.
458 1316 859 1381 disputationibus,
893 1328 1026 1381 atque
1062 1318 1107 1363 in
1144 1317 1321 1381 privatis
1357 1315 1491 1361 etiam
1523 1314 1677 1360 studiis
1713 1314 1975 1375 hujusmodi
2011 1313 2267 1378 linguarum

92 1382 283 1430 subsidia
321 1386 562 1432 necessaria
600 1402 721 1440 esse,
760 1402 898 1431 nemo
934 1384 1189 1447 negaverit,
1236 1383 1319 1429 nisi
1355 1382 1430 1446 qui
1469 1380 1711 1427 nobiliores
1748 1381 2081 1446 Scripturarum
2116 1382 2266 1428 Inter-=

95 1460 238 1512 pretes
276 1468 358 1498 nec
393 1470 417 1498 a
455 1452 608 1498 limine
644 1452 923 1499 salutaverit.
961 1451 1108 1498 Facile
1143 1450 1263 1497 enim
1301 1449 1381 1497 erit
1417 1446 1472 1495 ab
1508 1448 1588 1493 illis
1624 1448 1823 1504 discere,
1860 1460 2022 1512 quanta
2058 1449 2111 1494 sit
2149 1449 2265 1495 utili-

94 1527 182 1571 tas,
218 1518 493 1584 quandoque
529 1519 664 1565 etiam
703 1520 936 1564 necessitas
972 1517 1265 1577 primigenios
1301 1525 1446 1560 textus
1481 1514 1770 1566 consulendi,
1807 1515 1862 1559 ad
1884 1531 2063 1559 sensum
2101 1526 2265 1561 nostrae

97 1583 284 1645 vulgatae
319 1584 565 1645 Scripturae
598 1585 731 1642 plen-e
765 1581 1132 1642 cognoscendum
1158 1615 1170 1635 ,
1206 1592 1248 1624 et
1282 1579 1674 1625 confirmandum.
1710 1578 2044 1640 iQuamobrem
2082 1579 2268 1628 Sanctus

96 1650 380 1709 Augustinus
415 1647 517 1693 Lib.
555 1647 610 1687 11.
649 1648 707 1688 de
740 1649 911 1686 Doctr.
953 1643 1133 1686 Christ.
1171 1659 1266 1702 cap.
1308 1657 1382 1686 11.
1419 1643 1640 1702 sapienter
1673 1644 1852 1696 statuit,
1896 1661 1978 1688 nos
2013 1658 2175 1706 praeter
2209 1647 2270 1692 la-

99 1715 235 1756 tinam
273 1712 472 1770 linguam
509 1705 688 1753 duabus
718 1706 831 1752 aliis
865 1706 934 1752 ad
966 1707 1320 1769 Scrim‘urmum
1369 1706 1632 1752 divinarum
1671 1708 1983 1767 cognitionem
2035 1728 2148 1773 opus
2183 1711 2269 1759 κἰα-

98 1776 201 1823 bere
215 1812 227 1832 ‚
261 1774 441 1822 hebraea
476 1774 676 1831 scilieet,
737 1783 783 1819 et
812 1789 995 1836 groeca;
1043 1783 1097 1818 αι’
1131 1774 1199 1818 ad
1230 1773 1522 1836 exemplaria
1547 1773 1858 1835 prafcedentia
1894 1788 2161 1823 recurraz‘ur
2178 1815 2190 1834 ,
2226 1780 2270 1825 si

100 1860 239 1907 quam
277 1841 617 1888 dubitationem
651 1840 866 1888 attulerit
886 1840 1141 1886 latinorum
1179 1841 1480 1903 interpretum
1517 1838 1706 1899 infinita
1742 1841 1942 1887 varietas
1961 1878 1970 1888 .
2009 1843 2064 1889 Et
2090 1844 2134 1892 S.
2161 1846 2272 1892 Hie-

99 1926 318 1974 ronymus
354 1908 479 1973 epist.
517 1905 595 1955 28.
630 1908 686 1956 ad
723 1907 966 1954 Lacinium
1002 1907 1254 1955 Baeticum:
1312 1916 1364 1954 ut
1398 1916 1595 1954 veterum
1616 1943 1628 1964 ,
1669 1906 1845 1971 inquit,
1893 1908 2116 1957 librorum
2141 1909 2275 1973 fides

102 1977 160 2023 de
193 1975 386 2023 hebroeis
417 1974 727 2023 voluminibus·
758 1976 1080 2022 examinanda
1115 1985 1182 2021 est
1205 2012 1218 2031 ,
1278 1974 1348 2020 ila
1381 1983 1442 2020 et*
1461 1990 1682 2020 novorum
1716 1976 1862 2038 ἔπεσί
1892 1978 2121 2024 sermonis
2158 1995 2275 2025 nor-

96 2060 222 2090 mam
259 2043 524 2098 desiderat5
563 2060 697 2107 quam
733 2043 938 2107 regulam
975 2042 1068 2107 ipse
1103 2042 1323 2106 imprimis
1357 2051 1533 2088 secutus
1569 2052 1664 2098 cst,
1725 2053 1857 2107 atque
1893 2044 2152 2108 exemplum
2188 2062 2273 2110 po-

97 2111 220 2156 steris
256 2110 522 2158 imitandum
558 2110 770 2175 reliquit.

164 2177 228 2223 Et
264 2195 519 2243 quanquam
558 2195 652 2224 non
691 2176 897 2232 inficior,
951 2174 1062 2223 nihil
1099 2175 1191 2222 fere
1227 2192 1319 2221 esse
1355 2191 1412 2220 ex
1447 2173 1773 2222 difficilioribus
1808 2176 1915 2223 locis
1952 2194 1975 2222 a
2011 2188 2270 2226 nostrorum

104 2243 524 2292 commentatorum
562 2245 789 2309 diligentia
826 2261 920 2290 non
958 2244 1188 2308 perspicue
1224 2242 1520 2306 explicatum,
1568 2252 1700 2305 atque
1736 2262 1760 2289 a
1796 2244 1940 2307 pravis
1973 2245 2276 2307 quorumdam

106 2310 557 2374 interpretationibus·
582 2312 853 2359 vindicatum
876 2348 888 2368 ,
929 2322 1123 2358 attamen
1159 2328 1216 2356 ex
1252 2308 1339 2356 hoc
1377 2309 1474 2373 ipso
1511 2309 1736 2357 contendo
1761 2311 1929 2355 nedum
1964 2311 2115 2356 utilem
2154 2329 2273 2367 esse,

100 2377 178 2422 sed
217 2378 347 2441 plane
383 2379 675 2427 neeessariam
712 2380 951 2443 utriusquev
976 2379 1143 2442 linguae
1180 2395 1273 2423 non
1309 2376 1452 2423 levem
1487 2375 1718 2440 peritiam.
1773 2376 2023 2439 Quomodo
2059 2377 2180 2432 enim
2218 2396 2275 2425 ex

104 2444 294 2490 istorum
331 2443 558 2493 laboribus
595 2447 916 2510 proficiemus,
951 2464 1003 2492 ac
1037 2462 1180 2498 veraS,
1229 2455 1455 2509 rectasque
1491 2443 1754 2489 eorumdem
1791 2443 2177 2506 interpretationes
2213 2445 2279 2506 ju·

105 2509 380 2566 dicabimus,
415 2511 451 2556 si
487 2511 743 2573 linguarum
781 2514 924 2574 ignari
963 2530 1034 2561 eas
1072 2512 1193 2559 nullo
1232 2512 1373 2558 modo
1410 2511 1652 2573 intelligere
1689 2510 1948 2557 valeamus?
1998 2510 2055 2557 Et
2090 2528 2281 2574 quomo·

106 2575 166 2621 do
202 2587 355 2639 postea
390 2576 578 2622 easdem·
605 2576 1019 2642 propugnabimus,
1054 2581 1087 2627 si
1125 2579 1346 2642 graeculus
1382 2578 1560 2642 aliquis,
1597 2588 1670 2622 aut
1705 2577 1916 2623 recutitus
1937 2578 2003 2623 vel
2042 2579 2174 2632 veris,
2210 2578 2277 2624 vel

109 2642 221 2689 fictis
256 2643 559 2705 grammaticae
595 2643 778 2707 legibus.
803 2662 874 2691 eas
909 2663 1190 2711 repugnare,
1227 2663 1336 2693 vana
1374 2645 1545 2710 aliqua,
1579 2653 1621 2689 et
1656 2642 1897 2708 sophistica
1933 2645 2279 2708 argumentatio-2

115 2727 172 2755 ne
207 2711 446 2756 contendat
468 2710 487 2756 ?

184 2776 300 2824 Sane
335 2788 499 2841 quanta
534 2776 588 2822 sit
624 2774 786 2825 harum
822 2779 1078 2845 linguarum
1116 2779 1160 2825 in
1187 2778 1446 2845 Theologia
1481 2776 1741 2834 necessitas,
1782 2789 1856 2824 aut
1891 2777 2045 2826 saltem
2088 2778 2277 2835 utilitas,

112 2842 311 2891 Romani
347 2842 593 2892 Pontifices,
638 2859 891 2903 noverunt,
948 2850 1023 2912 qui
1059 2857 1295 2911 propterea
1333 2843 1589 2893 earumdem
1639 2845 1837 2892 studium
1894 2845 2059 2910 ubique
2108 2845 2276 2892 florere

112 2921 410 2973 exoptarunt.
461 2910 534 2959 Sic
572 2911 808 2960 Honorius
843 2915 932 2964 IV.
968 2913 1289 2963 Parisieusibus
1325 2909 1577 2974 Theologis
1611 2928 1709 2957 eam
1748 2913 1969 2976 majorem
2007 2915 2051 2958 in
2088 2912 2282 2958 modum

111 2978 469 3036 commendavit3
504 2977 670 3026 Paulus
695 2990 842 3028 autem
869 2982 934 3029 V.
970 2982 1126 3044 jussit,
1162 2992 1208 3026 ut
1247 2982 1290 3026 in
1329 2975 1561 3041 cujuslibet
1596 2977 1791 3025 Instituti
1819 2979 2116 3044 Regularium
2143 2978 2283 3025 Scho-

114 3040 164 3088 lis
195 3043 449 3107 linguarum
485 3044 720 3093 Hebraicae
741 3083 751 3102 ,
793 3060 834 3094 et
871 3048 1048 3096 Graecas
1083 3048 1290 3095 doctores
1325 3055 1496 3100 essent,
1532 3054 1574 3090 et
1609 3042 1878 3110 quibusdam
1913 3047 2044 3092 etiam
2073 3044 2281 3092 Arabicae

119 3107 140 3169 (
171 3109 360 3158 Constit.
397 3112 559 3164 LXV.
596 3112 643 3173 ).
680 3113 747 3161 Ut
781 3114 891 3162 nihil
927 3116 1071 3163 dica-m
1109 3115 1166 3161 de
1201 3113 1454 3163 Viennensi
1488 3111 1930 3160 GeneraliConcilio
1968 3114 2012 3159 in
2038 3112 2194 3160 Galliis
2217 3129 2282 3158 ce·

116 3172 282 3222 lebrato
303 3214 314 3230 ,
350 3195 373 3224 a
408 3197 500 3243 quo
535 3178 763 3230 decretum
800 3181 903 3238 suits,
944 3194 992 3232 ut
1028 3181 1426 3232 incelebrioribus
1462 3179 1721 3230 Academiis
1757 3198 1853 3231 non
1889 3181 2038 3232 solum
2074 3178 2278 3233 Graecae,

259 3239 501 3300 Gazzanz'ga
532 3243 667 3286 Theol.
695 3244 810 3288 Tum.
830 3247 881 3289 11.
1544 3243 1576 3292 b
2145 3255 2214 3291 at-
