2577 3633
270 153 325 200 54

206 225 458 275 intelligitur,
488 222 586 275 quod
617 227 814 276 paternam
844 221 1049 273 generandi
1080 221 1157 257 vim
1190 222 1239 258 ita
1259 230 1312 257 to-

205 289 280 316 tam
311 277 537 324 exhauriat,
567 285 607 313 nt
628 277 757 314 nullus
787 275 883 313 alius
906 275 1028 313 Filius
1057 275 1283 325 gigniqneat
1300 301 1311 313 .

205 331 391 370 Similiter
421 331 532 367 etiam
565 331 745 380 perfectio
774 338 826 367 est
856 332 892 366 in
917 329 1061 378 Spiritu
1091 336 1243 375 sancto,
1273 336 1312 365 ut

204 383 334 421 nullus
362 382 460 420 alins
490 383 655 434 Spiritus
684 392 830 421 sanctus
861 382 1018 433 produci
1049 381 1184 431 possit:
1228 394 1315 432 ergo

204 435 265 474 bae
295 438 380 474 duae
411 437 577 473 notiones
606 436 786 473 addendae
819 444 951 471 erunt.

260 490 351 535 204.
385 489 494 541 Resp.
526 488 623 527 hauc
653 489 923 540 perfectionem
953 487 1039 524 satis
1054 487 1224 538 cognosci
1246 499 1312 537 per

206 545 373 581 notiones
402 543 620 589 filiationis,
650 543 683 577 &
712 541 946 592 spirationis:
991 554 1081 577 cum
1111 542 1212 578 enim
1241 541 1312 577 du-

205 596 318 648 plicis
348 598 452 633 istius
484 596 724 645 processionis
753 594 940 642 termini,
982 593 1126 638 sciiicet
1155 593 1278 630 Filius
1300 622 1311 640 ‚

208 650 240 685 ὅ(
263 650 426 702 Spiritus
456 657 602 685 sanctus
622 677 631 694 ‚
662 649 733 684 sint
764 646 932 694 infiniti,
962 645 1032 683 hoc
1062 648 1143 698 ipso
1173 645 1314 683 intelli-

204 704 304 753 gitur
325 733 335 751 7
383 699 528 738 duabus
558 701 637 737 istis
666 701 963 751 processionibus
999 708 1112 737 totam
1143 701 1220 736 vim
1252 712 1314 750 ge-

203 755 360 793 nerandi
381 783 390 801 ,
421 754 454 788 ὅ(
484 754 674 805 spirandi,
706 752 794 790 licet
824 753 1041 800 infinitam,
1085 752 1278 790 exhauriri
1303 777 1314 790 .

206 809 252 845 Et
281 810 335 845 sic
379 808 493 844 etiam
523 819 567 843 ex
610 808 847 858 processione
876 805 970 844 Filii
1011 820 1080 858 per
1107 808 1314 857 generatio-

202 875 290 898 nem
322 859 600 911 intelligimus,
633 861 758 911 ipsum
789 873 864 897 esse
884 859 1056 897 Verbum
1075 889 1084 906 ,
1116 859 1148 894 ὃ(
1179 859 1313 909 imagi-

202 927 287 952 nem
304 912 590 952 substantialem
605 912 740 950 Patris:
769 922 880 965 atque
910 926 954 950 ex
975 913 1211 965 processione
1226 912 1313 963 Spi-

201 970 296 1006 ritus
325 969 442 1005 sancti
472 980 539 1018 per
581 965 812 1005 voluntatem
853 967 1023 1018 seqnitur
1065 967 1191 1018 ipsum
1236 979 1311 1002 esse

202 1032 377 1059 mutuum
408 1033 575 1057 amorem
594 1049 605 1068 ‚
648 1019 682 1056 &
710 1019 912 1058 vinculum
941 1019 1060 1056 Patris
1078 1049 1088 1067 ,
1126 1018 1159 1054 8(
1190 1018 1309 1066 Filii,

202 1085 241 1112 ut
273 1084 468 1126 propterea
495 1087 587 1124 opus
630 1086 702 1111 non
731 1075 776 1110 sit
805 1072 896 1110 alias
940 1074 1106 1110 notiones
1152 1080 1310 1108 statuere

201 1130 397 1179 utriusque
412 1127 610 1164 Personae.
644 1127 764 1178 Atque
794 1125 973 1163 hactenus
1002 1127 1102 1163 dicta
1121 1124 1312 1162 sufficiant

201 1182 246 1218 de
276 1181 494 1219 notionibus
523 1180 688 1227 divinis,
719 1193 805 1231 qnae
837 1188 924 1216 teste
955 1179 1135 1229 Angelico
1164 1178 1311 1215 Praece-

206 1244 310 1286 ptore
342 1235 370 1271 l.
402 1234 442 1271 P.
472 1247 538 1285 qu.
570 1233 633 1270 52.
663 1241 733 1270 art.
755 1233 820 1279 4.,
851 1245 930 1269 nou
959 1241 1050 1268 sunt
1079 1232 1235 1268 articuli
1251 1231 1310 1283 fi-

203 1287 264 1324 dei
282 1315 290 1326 .
320 1289 372 1325 Ita
389 1296 512 1324 tamen
534 1284 747 1323 concludit:
779 1285 843 1322 Sic
864 1288 979 1335 igitur
1000 1283 1206 1321 (licendum
1225 1294 1282 1322 est
1300 1314 1310 1332 ‚

202 1340 302 1390 quod
330 1344 439 1377 cii-cit
468 1341 644 1375 notiones
674 1337 795 1386 aliqui
825 1336 969 1386 absque
988 1337 1158 1385 periculo
1187 1337 1313 1374 lzoere-

202 1398 255 1429 sis
285 1396 494 1430 contrat-loe
523 1399 613 1427 sunt
641 1393 818 1439 opinati,
860 1402 940 1425 non
971 1390 1220 1426 intendentes
1248 1403 1312 1426 su-

202 1450 345 1483 stinere
374 1443 520 1491 ali-'qual
549 1446 794 1480 contrarium
820 1441 950 1493 fidei.
998 1442 1077 1479 Sed
1105 1445 1189 1492 quis
1219 1442 1313 1494 fiil-

201 1512 288 1536 sum
303 1503 532 1548 opinaretur
551 1500 660 1534 circa
681 1499 857 1533 notiones
874 1525 883 1542 ‚
905 1495 1163 1533 considerans
1179 1527 1189 1543 ,
1211 1495 1312 1546 quod

206 1564 258 1590 ex
289 1551 357 1589 hoc
387 1559 571 1601 sequatur
593 1549 740 1602 aliquid
754 1552 1002 1587 contrarium
1018 1549 1145 1602 fidei,
1176 1552 1216 1586 in
1231 1547 1311 1587 izoe-

208 1609 328 1644 resim
358 1604 582 1643 laberetur.

616 1708 785 1748 CAPUT
814 1709 902 1748 VH.

284 1817 348 1856 De
379 1819 563 1854 >missione
593 1813 816 1852 divinarum
847 1812 1113 1852 Personarum
1145 1812 1231 1865 (a).

259 1925 349 1962 205.
371 1901 494 1972 ..Agit
523 1922 568 1958 de
598 1919 816 1970 hujttsmodi
864 1916 1109 1957 missionibus
1138 1919 1179 1957 S.
1210 1918 1312 1956 Tho-

205 1984 287 2017 inas
316 1980 345 2016 Ι.
376 1978 415 2014 Ρ.
445 1989 510 2026 qu.
533 1974 597 2020 45.
626 1982 708 2010 octo
735 1972 939 2019 articulis3
971 1972 1003 2008 8(
1033 1975 1158 2023 primo
1188 1973 1314 2010 decla-

205 2041 293 2079 rat,
338 2030 430 2082 quid
458 2028 611 2079 proprie
641 2027 684 2063 sit
714 2027 843 2063 missio
884 2026 1105 2062 divinarum
1136 2039 1313 2076 persona-

205 2097 291 2121 rum
310 2113 319 2130 ‚
351 2084 408 2120 his
439 2079 563 2118 verbis
581 2108 590 2126 ‚
619 2089 706 2130 quae
730 2077 941 2116 exscribere
970 2091 1041 2114 non
1073 2080 1204 2128 piget3
1234 2078 1313 2115 cla-

204 2150 288 2174 ram
319 2138 418 2172 enim
439 2132 731 2183 distinctumque
762 2131 947 2168 missionis
977 2131 1100 2167 ideam
1132 2131 1312 2181 suppedi-

206 2198 303 2227 tant:
326 2218 351 2237 „
374 2189 413 2225 ln
442 2187 584 2223 ratione
605 2185 790 2222 missionis
809 2185 883 2222 duo
912 2185 1189 2235 importantur3
1219 2197 1313 2235 quo-

266 2256 350 2280 rum
383 2254 500 2278 unum
531 2248 580 2276 est
610 2237 792 2277 habitudo
820 2237 926 2275 missi
954 2238 1001 2274 ad
1031 2251 1118 2275 eum
1136 2267 1146 2284 ,
1190 2251 1213 2273 a
1240 2250 1316 2288 quo

265 2296 429 2333 mittitur
449 2310 458 2340 3
488 2291 594 2331 alind
614 2301 664 2330 est
680 2291 861 2329 habitudo
880 2291 984 2328 missi
1014 2290 1059 2327 ad
1079 2290 1285 2328 terminum
1304 2319 1315 2338 ‚

266 2349 312 2386 ad
343 2362 458 2401 quem
489 2347 674 2384 mittitur.
703 2344 772 2382 Per
801 2343 899 2392 hoc,
929 2343 1028 2394 quod
1057 2343 1200 2396 aliquis
1229 2345 1316 2381 mit-

268 2404 359 2440 titur
381 2432 391 2450 ‚
420 2400 626 2439 ostenditur
647 2399 834 2450 processio
863 2398 1040 2450 quaedam
1062 2398 1165 2434 missi
1187 2411 1209 2432 a
1229 2398 1316 2434 mit-

267 2465 384 2502 tente,
427 2454 487 2491 vel
518 2452 725 2491 secundum
768 2451 976 2502 imperium
1017 2451 1112 2487 sicut
1141 2451 1318 2488 dominus

268 2510 381 2546 mittit
409 2521 583 2553 servum,
626 2505 686 2543 vel
717 2505 922 2544 secundum
951 2503 1181 2550 eonsilium,
1219 2511 1257 2540 ut
1286 2503 1316 2540 si

212 2591 237 2610 ‚,
267 2559 505 2599 consiliarius
546 2559 691 2596 mittere
721 2559 868 2597 dicatur
897 2556 1035 2608 Regem
1079 2557 1125 2594 ad
1166 2555 1316 2593 bellan-

211 2643 237 2662 „
266 2616 384 2660 dnm3
428 2613 487 2651 vet
517 2613 724 2651 secundum
753 2613 960 2662 originem,
1010 2619 1050 2646 ut
1079 2613 1109 2648 si
1138 2609 1285 2647 dicatur
1306 2639 1317 2656 ‚

213 2696 243 2715 ,7
273 2668 373 2718 quod
402 2667 471 2705 fios
487 2667 671 2705 emittitur
690 2665 738 2703 ab
767 2665 929 2704 arbore.
959 2664 1175 2703 Ostenditnr
1205 2662 1318 2700 etiam

209 2273 234 2292 ³³

210 2325 236 2345 22

211 2379 236 2399 22

212 2433 238 2452 ’2

211 2485 238 2504 2>

211 2538 238 2557 3)

264 2851 311 2885 (α)
341 2845 458 2879 Sancti
479 2844 597 2878 Patres
622 2859 663 2880 ex
689 2846 914 2879 missionibus
933 2837 1133 2879 divinarum
1159 2854 1321 2889 persona-

215 2904 292 2925 rum
308 2915 318 2932 ,
351 2905 435 2937 quas
463 2904 569 2925 sacrae
594 2894 720 2925 litteras
747 2892 945 2936 frequenter
970 2900 1163 2925 memorant
1184 2912 1192 2932 7
1230 2890 1321 2922 invi-

218 2948 310 2970 ctum
338 2939 584 2983 depromebant
611 2948 854 2983 argumentum
882 2946 1002 2971 contra
1021 2938 1233 2971 sabellianos
1260 2946 1322 2980 pro

219 2984 416 3017 earumdem
443 2996 669 3028 personarum
695 2983 941 3017 (listinctionet
979 2985 1069 3017 nihil
1095 2988 1183 3017 enim
1209 2995 1227 3015 α
1252 2984 1324 3014 sei·

218 3041 279 3072 pso
305 3036 471 3071 nutritur,
497 3032 676 3075 inquiebat
707 3032 739 3063 S.
766 3031 871 3063 Basil.
899 3032 976 3064 Lib.
996 3032 1040 3064 V.
1067 3039 1187 3063 contra
1206 3029 1324 3062 Enno-

218 3075 348 3107 mium.
387 3077 466 3109 Vid.
493 3078 598 3111 etiam
623 3080 656 3110 S.
684 3077 851 3111 Atlianas.
891 3077 926 3109 in
955 3077 1031 3110 Lib.
1059 3085 1180 3109 contra
1207 3074 1326 3107 Sabel-

220 3122 356 3159 lianOSj
385 3124 416 3153 S·
443 3123 569 3168 Epipli.
594 3124 732 3157 IIaeresi
754 3124 862 3155 LXII.
890 3125 922 3155 S.
949 3124 1071 3157 Ambr.
1092 3122 1170 3155 Lib.
1198 3122 1241 3154 11.
1268 3119 1324 3152 De

212 3167 294 3210 fide
323 3178 351 3199 c-
381 3167 412 3207 4.
441 3172 471 3199 3<
497 3172 529 3201 S.
556 3170 644 3214 Aug.
672 3171 704 3202 in
734 3168 848 3202 Libris
875 3171 918 3202 de
945 3169 1072 3203 Trinit.
1233 3202 1237 3203 ⁷

267 3214 312 3249 (bss
346 3213 485 3246 t‘hotius
527 3214 560 3245 in
593 3215 809 3249 Bibliotheca
844 3215 968 3249 Codice
1005 3225 1086 3259 277.
1136 3213 1326 3247 Homiliam

221 3259 409 3302 quamdam
451 3260 576 3302 allegat
604 3263 636 3292 S.
662 3263 715 3293 Jo.
741 3261 983 3303 Clirysostomi
1010 3264 1053 3295 (le
1080 3261 1216 3304 Spiritu
1243 3273 1322 3293 san-

223 3315 301 3344 ceo,
337 3305 495 3348 inquiens
520 3310 532 3343 (
560 3305 744 3349 interprete
773 3305 907 3339 Andre-a
935 3308 1077 3341 schotto
1112 3306 1323 3350 Antnerpia-

223 3364 267 3385 no
291 3357 327 3391 ).·
350 3373 373 3392 ,,
395 3353 431 3384 ln
457 3350 522 3385 hac
539 3350 684 3386 homilia
709 3352 744 3384 in
769 3351 834 3383 fine
861 3353 1014 3387 iuvenies
1030 3353 1322 3398 Chrysostomum

952 138 1355 185 Dtsstztt'rA‘rlo
1387 138 1444 184 11.
1499 122 1626 183 cAP.
1661 136 1758 182 vn.

1381 250 1407 269 „
1439 219 1619 257 habitudo
1647 219 1693 255 act
1724 216 1929 256 terminum
1951 248 1961 266 ,
2003 219 2049 257 ad
2078 232 2192 272 quem
2222 219 2414 270 mittitur,
2448 227 2492 261 ut

1381 303 1407 322 „
1435 273 1566 324 aliquo
1595 272 1705 309 modo
1732 270 1788 308 ibi
1826 285 1902 308 esse
1931 271 2115 323 incipiat:
2157 274 2218 312 vel
2248 277 2339 328 quia
2381 276 2491 326 prius

1382 356 1408 375 „
1439 327 1494 364 ibi
1524 327 1676 362 omnino
1704 336 1780 361 non
1807 333 1914 372 erat,
1961 337 2040 376 quo
2074 327 2261 377 mittitur,
2306 328 2365 367 vel
2395 329 2490 380 quia.

1383 409 1409 427 „
1439 380 1577 430 incipit
1606 378 1660 414 ibi
1691 376 1822 427 aliquo
1862 376 1975 414 modo
2004 391 2108 424 esse,
2155 394 2232 430 quo
2277 383 2384 433 prius
2411 394 2491 421 non

1383 461 1408 481 „
1439 441 1543 469 erat.
1586 429 1722 468 Missio
1749 430 1864 480 igitur
1899 430 2040 468 divinae
2070 443 2238 481 personae
2284 436 2489 473 convenire

1381 515 1408 534 „
1438 493 1580 536 potest,
1622 483 1829 519 secundum
1858 483 1960 534 quod
1989 484 2166 534 importat
2194 498 2238 522 ex
2269 498 2345 524 una
2381 496 2489 538 parte

1382 567 1408 586 ‚,
1439 537 1715 589 processionem
1744 536 1902 586 originis
1931 551 1953 574 a
1982 538 2176 586 mittente,
2219 538 2254 576 &
2281 541 2491 579 secundum

1383 619 1409 637 ‚,
1439 591 1539 641 quod
1568 592 1748 640 importat
1778 601 1822 625 ex
1849 588 1926 627 alia
1955 599 2059 641 parte
2089 603 2228 629 novum
2265 592 2423 630 modum
2451 607 2490 630 e-

1383 673 1408 691 „
1439 643 1597 679 xistendi
1631 643 1670 679 iu
1701 641 1799 678 alio:
1847 643 1942 680 sicut
1972 642 2096 680 Filius
2124 644 2266 682 dicitur
2295 659 2372 682 esse
2401 644 2492 683 mis-

1384 725 1409 744 „
1437 710 1497 733 sus
1527 694 1669 732 aPatre
1698 695 1738 732 in
1769 696 1957 733 mundum
1979 724 1989 743 ‚
2018 698 2226 734 secundum
2257 698 2357 750 quod
2386 698 2492 737 ince-

1383 778 1408 797 ,‚
1439 751 1494 801 pit
1524 749 1562 787 in
1592 748 1735 786 mundo
1763 762 1841 786 esse
1869 762 1937 799 per
1967 761 2121 787 carnem
2159 760 2391 803 assumptam
2414 781 2424 799 ‚
2454 751 2490 788 δε

1383 831 1409 850 ‚‚
1440 811 1564 840 tamen
1594 811 1679 839 ante
1709 802 1911 838 inmundo
1940 810 2052 850 erat,
2081 811 2120 840 ut
2149 803 2289 841 dicitur
2317 804 2376 842 J0.
2397 805 2427 841 1.
2443 807 2470 826 “

1438 856 1528 893 206.
1558 855 1616 893 Ex
1661 853 1730 892 liae
1760 854 1801 892 S.
1832 853 1907 891 Th.
1937 854 2106 892 doctrina
2147 856 2301 894 definiri
2343 856 2436 894 solet
2464 869 2488 894 a

1382 906 1585 959 Tlieologis
1613 908 1763 955 missio,
1807 917 1846 945 ut
1875 909 1919 945 sit
1947 912 2143 958 processio
2187 921 2369 958 personae
2398 908 2491 947 dirt-

1379 973 1446 999 ηαξ
1474 960 1524 999 ab
1553 962 1636 999 alia
1653 991 1663 1010 ,
1707 974 1798 998 cum
1828 959 2053 999 habitudine
2081 962 2137 999 ad
2163 966 2379 1000 terminum
2400 991 2411 1011 ‚
2448 966 2493 1000 in

1378 1029 1452 1065 quo
1480 1019 1615 1066 incipit
1642 1027 1728 1053 esse
1756 1015 1886 1065 aliquo
1914 1014 2031 1052 modo
2053 1045 2062 1063 ,
2092 1029 2167 1065 quo
2195 1014 2335 1054 ibidem
2364 1025 2491 1053 antea.

1378 1080 1460 1105 non
1489 1078 1576 1106 erat
1598 1096 1608 1106 .
1638 1068 1701 1106 Sic
1730 1068 1837 1105 Joan.
1855 1065 1960 1105 VIII.
1988 1068 2045 1105 16,
2075 1068 2247 1108 Christus
2274 1068 2424 1107 dicebat
2443 1069 2491 1106 de

1380 1122 1525 1173 seipso:
1555 1121 1671 1159 Misit
1700 1134 1765 1158 me
1795 1120 1916 1158 Pater
1936 1134 1949 1157 .·
1980 1120 2013 1156 ἃ
2041 1134 2138 1159 vers.
2161 1123 2226 1167 42.
2256 1120 2346 1175 Ego
2375 1125 2488 1160 enim.

1381 1188 1433 1212 ex
1463 1174 1550 1213 Deo
1578 1177 1779 1226 processi,
1821 1175 1871 1215 ὢ
1899 1177 1985 1211 veni
2006 1189 2020 1218 ,-
2062 1187 2189 1225 neque
2229 1180 2337 1213 enim
2367 1189 2395 1212 a
2424 1186 2491 1213 me

1379 1231 1460 1276 ipso
1490 1231 1575 1266 veui
1597 1257 1607 1276 ‚
1654 1227 1723 1265 sed
1751 1228 1814 1264 ille
1843 1241 1908 1264 me
1937 1231 2068 1264 misit:
2115 1238 2195 1266 tum
2227 1243 2261 1267 c.
2283 1227 2390 1266 XIV.
2424 1228 2491 1267 26.

1379 1282 1425 1317 de
1454 1281 1600 1332 Spiritu
1629 1283 1693 1317 S.:
1727 1279 1854 1329 Quem
1885 1282 2011 1316 mittet
2032 1278 2183 1325 Parem·
2211 1295 2255 1319 ac
2276 1281 2366 1319 XV.
2398 1280 2489 1319 26.:

1384 1333 1482 1370 Cum
1514 1337 1658 1369 venerit
1688 1332 1915 1369 Paraclttus
1935 1361 1946 1380 ‚
1989 1345 2104 1382 quem
2136 1346 2208 1384 ego
2236 1337 2397 1370 mittam
2426 1347 2488 1371 νο-

1381 1384 1437 1422 bis
1465 1398 1492 1422 a
1514 1385 1660 1423 Patre.
1693 1386 1787 1423 Haec
1816 1394 1941 1423 autem
1964 1387 2091 1422 missio
2112 1385 2206 1423 Filii
2235 1401 2258 1423 a
2285 1385 2394 1422 Patre
2416 1414 2427 1433 ,
2457 1386 2492 1422 &

1381 1438 1545 1489 Spiritus
1574 1439 1614 1476 S.
1644 1454 1666 1476 a
1693 1436 1828 1487 Patre,
1876 1438 1910 1474 ἃ
1940 1437 2044 1477 Filio
2072 1451 2144 1476 non
2174 1447 2226 1476 est
2255 1452 2323 1489 per
2365 1439 2492 1489 impe-

1380 1493 1481 1529 rium
1504 1521 1514 1540 ,
1552 1499 1616 1529 aut
1645 1506 1712 1545 per
1741 1491 1944 1530 consilium
1966 1520 1977 1541 ,
2019 1491 2083 1530 sed
2112 1504 2180 1544 per
2206 1492 2392 1544 originem
2414 1521 2426 1540 ‚
2455 1490 2491 1528 8t

1379 1546 1661 1583 emanationem
1691 1545 1902 1583 naturalem
1925 1572 1937 1584 .

1435 1610 1527 1649 207.
1558 1598 1653 1638 Haec
1683 1612 1795 1650 porro
1822 1599 1981 1647 missio,
2019 1607 2134 1650 prout
2159 1598 2313 1650 respicit
2341 1610 2492 1650 proces-

1379 1654 1521 1690 sionem
1545 1681 1555 1699 ,
1585 1652 1618 1689 8<
1647 1653 1832 1703 originem
1854 1682 1865 1702 ,
1910 1661 1961 1690 est
1991 1661 2158 1699 aeterna,
2188 1652 2222 1688 8<
2255 1650 2490 1697 invisibilis3

1382 1713 1493 1756 prout
1522 1714 1650 1743 autem
1680 1707 1834 1757 respicit
1875 1706 2083 1743 terminum
2103 1736 2113 1753 ‚
2155 1705 2376 1756 temporalis
2405 1712 2491 1751 est,

1382 1758 1415 1793 &
1445 1755 1652 1808 aliquando
1680 1758 1870 1806 visibitis,
1914 1768 1953 1795 ut
1982 1767 2083 1809 patet
2111 1759 2149 1795 in
2193 1759 2367 1796 missione
2395 1756 2492 1794 Ver·

1380 1809 1447 1855 bi,
1495 1810 1650 1860 quando
1678 1812 1716 1847 in
1744 1809 1981 1860 plenitudine
2022 1811 2202 1861 temporis
2238 1823 2392 1847 carnem
2422 1822 2492 1860 pro

1381 1870 1505 1899 nostra
1533 1862 1653 1899 salute
1682 1863 1909 1914 assumpsit,
1941 1861 1974 1896 δε
2004 1863 2115 1899 etiam
2145 1862 2308 1913 Spiritus
2336 1863 2455 1900 sancii
2477 1890 2489 1909 ‚

1381 1914 1534 1967 quando
1561 1927 1675 1966 supra
1695 1915 1832 1952 ⁴Jesum
1861 1914 2053 1952 Christum
2097 1916 2134 1952 iu
2163 1915 2350 1962 Jordane,
2393 1916 2491 1952 sicut

1381 1967 1561 2005 columba
1589 1968 1806 2016 descendit,
1836 1968 1998 2020 &super
2013 1966 2208 2020 Apostolos
2237 1966 2383 2007 visibili
2413 1968 2491 2005 for-

1382 2034 1444 2058 ma
1475 2021 1571 2072 ignis
1601 2023 1808 2073 apparuit.
1857 2022 2077 2073 Aliquando
2105 2031 2229 2058 autem
2261 2030 2314 2059 est
2355 2021 2490 2059 invisi-

1380 2073 1497 2118 bilis3
1527 2083 1567 2111 ut
1595 2088 1685 2114 cum
1706 2075 1870 2126 Spiritus
1898 2084 2046 2112 sanctus
2067 2073 2267 2112 habitatin
2292 2073 2401 2124 justis
2422 2085 2490 2124 per

1380 2129 1540 2176 gratiam
1560 2127 1858 2165 sanctificantem
1875 2157 1885 2174 ,
1916 2126 2022 2175 juxta
2039 2126 2137 2165 illud
2165 2128 2211 2164 ad
2232 2127 2323 2165 Gal.
2344 2127 2413 2164 IV.
2428 2126 2490 2165 6.;

1380 2179 1495 2216 Misn-
1524 2178 1634 2216 Deus
1663 2180 1850 2229 Spirtumz
1880 2178 1966 2216 Filii
1994 2183 2053 2216 sui
2082 2182 2123 2217 in
2151 2178 2274 2217 corda
2304 2189 2462 2219 vestra.

1440 2230 1531 2270 208.
1561 2232 1620 2269 Ex
1662 2232 1747 2280 his,
1790 2245 1878 2284 quae
1922 2241 2024 2269 certa
2064 2241 2150 2270 sunt
2191 2232 2293 2283 apud
2334 2245 2491 2282 omnes,

1387 2286 1566 2337 quaedam
1598 2285 1706 2337 quasi
1735 2284 1937 2323 corollaria
1967 2285 2173 2323 eliciuntur
2194 2311 2204 2322 .
2235 2285 2391 2334 Primo,
2420 2285 2492 2323 Pa-

1385 2347 1479 2376 trem
1511 2347 1697 2376 aeternum
1726 2337 1944 2377 nullatenus
1972 2340 2096 2387 mitti,
2134 2339 2226 2391 qnia
2256 2338 2492 2378 innascibilis

1386 2402 1464 2440 est,
1496 2391 1530 2427 8<
1558 2407 1581 2430 a
1610 2391 1715 2429 nullo
1744 2392 1940 2443 procedit.
1972 2391 2119 2440 Pater,
2149 2393 2271 2444 inquit
2298 2392 2338 2430 S.
2361 2392 2490 2444 Augu-

1384 2447 1503 2483 stinus
1530 2444 1620 2483 Lib.
1641 2446 1688 2483 ΙΙ.
1719 2444 1767 2482 cle
1799 2444 1939 2483 Trinit.
1969 2460 2054 2498 cap.
2078 2447 2140 2493 5.‚
2171 2457 2368 2496 nusquam
2398 2446 2494 2498 legi-

1385 2508 1447 2536 tur
1476 2502 1620 2536 missus
1640 2524 1650 2536 .
1681 2498 1862 2551 Idemque
1891 2502 2026 2551 repetit
2054 2497 2141 2536 aliis
2170 2499 2208 2537 in
2230 2498 2348 2544 locis;
2377 2499 2411 2535 ἃ
2429 2513 2493 2536 su-

1386 2566 1664 2604 pervacaneum
1691 2554 1852 2591 omnino
1881 2553 1973 2601 foret
2003 2551 2165 2590 aliorum
2194 2553 2406 2590 testimonia
2433 2551 2491 2590 af-

1386 2608 1483 2643 ferre
1512 2608 1549 2643 in
1577 2619 1617 2643 re
1645 2607 1805 2643 omnino
1834 2614 1936 2644 certa
1965 2606 2021 2658 (b)
2045 2632 2055 2643 .

1442 2672 1532 2711 209.
1562 2659 1696 2711 Neque
1724 2670 1814 2699 vero
1841 2660 1971 2709 obest,
2008 2659 2109 2712 quod
2137 2658 2306 2698 Christus
2334 2658 2427 2696 dicit
2455 2672 2493 2696 a·

2361 2711 2442 2765 pud

1390 2862 1415 2882 ‚,
1439 2839 1573 2881 dicere,
1598 2842 1794 2874 missionem
1812 2853 1916 2886 neque
1933 2836 2060 2874 Filium
2079 2861 2090 2879 ‚
2115 2851 2218 2883 neque
2245 2838 2412 2880 Spiritum
2435 2840 2494 2870 mi·

1391 2909 1416 2928 „
1442 2900 1550 2919 uorem
1568 2887 1693 2930 fucere
1720 2887 1844 2920 Patre.
1878 2886 1980 2931 Quod
2006 2890 2038 2918 δε
2062 2887 2133 2929 ipse
2159 2886 2259 2916 Pater
2285 2883 2446 2916 mittatur
2472 2896 2492 2916 a

1391 2955 1416 2974 „
1442 2933 1596 2976 Spiritu,
1623 2937 1655 2965 δέ
1674 2946 1692 2967 a
1720 2934 1832 2973 Filio,
1858 2932 1942 2967 dicit
1969 2933 2023 2964 his
2047 2931 2185 2963 verbise
2215 2929 2258 2961 Si
2286 2930 2350 2962 tibi
2376 2937 2494 2961 osten-

1391 3002 1416 3021 „
1441 2981 1554 3011 (ierem
1570 2980 1744 3022 factorem
1768 2982 1871 3019 coeli,
1915 2982 1955 3011 <J
1983 2986 2076 3010 terrae
2100 2979 2237 3008 missum
2261 2985 2338 3008 esse
2364 2989 2383 3008 ιι
2410 2976 2495 3019 Spi-

1391 3048 1417 3066 3,
1445 3029 1512 3057 ritu
1530 3047 1540 3065 ,
1571 3031 1611 3058 ἐφ’
1635 3026 1752 3065 Filio,
1785 3027 1866 3067 quid
1879 3025 2076 3067 factem...
2103 3020 2153 3053 Et
2178 3023 2231 3054 ubi
2257 3024 2411 3061 dicitur,
2439 3025 2494 3054 in·-

1392 3094 1417 3113 ,‚
1444 3075 1539 3114 quis,
1581 3072 1671 3105 hoc?
1703 3068 1798 3104 Audi
1824 3070 1933 3102 Deum.
1956 3081 2016 3112 per
2043 3067 2244 3110 Proplzeeam
2269 3070 2440 3101 dicentem
2465 3065 2494 3099 Ῑ-

1392 3141 1419 3160 „
1446 3121 1551 3150 susam
1581 3124 1591 3155 (
1618 3130 1692 3161 cap.
1711 3117 1873 3150 XLVttt.
1897 3126 1950 3148 12.
1978 3121 2015 3153 ):
2045 3114 2140 3146 Audi
2166 3128 2214 3147 me
2241 3114 2372 3154 Israel,
2399 3125 2492 3157 quem

1392 3186 1419 3207 3,
1443 3176 1503 3207 ego
1533 3177 1631 3202 νος-ο,-
1657 3167 1687 3196 Sc
1713 3175 1792 3195 cnm
1818 3162 1992 3205 integrum
2019 3161 2132 3193 locum
2159 3172 2306 3205 eousque
2326 3160 2495 3205 protulis-

1394 3233 1420 3253 „
1445 3218 1520 3247 set,
1549 3210 1595 3242 Ec
1613 3222 1696 3243 nunc
1715 3209 1809 3242 Deus
1835 3211 1931 3241 misit
1956 3221 2030 3247 me,
2058 3210 2098 3240 CT
2118 3208 2272 3252 Spiritus
2290 3207 2386 3254 ejus,
2411 3217 2492 3238 con‘

1387 3279 1413 3299 „
1441 3254 1577 3295 firmat,
1617 3257 1754 3288 Patrem
1780 3254 1852 3287 liaec
1878 3253 2012 3293 dicere,
2054 3266 2095 3286 ex
2121 3252 2296 3298 praedictis
2317 3275 2327 3293 ‚
2365 3251 2489 3285 confir-

1390 3325 1415 3344 „
1439 3313 1537 3334 mans
1575 3300 1664 3334 hanc
1696 3302 1913 3341 orationem,
1953 3303 1985 3332 &
2018 3308 2192 3333 statuens:
2237 3300 2374 3333 Claram
2409 3305 2490 3335 est,

1393 3371 1419 3390 „
1445 3347 1582 3383 Putrem
1607 3360 1691 3381 nunc
1717 3350 1834 3390 loqui,
1873 3352 1913 3379 (5
1939 3351 2031 3381 mitti
2059 3360 2095 3381 se
2119 3359 2140 3380 a
2165 3347 2326 3391 Spiritu,
2365 3346 2405 3377 Θ·
2430 3342 2492 3376 Fi-
2562 3358 2565 3430 p

2561 3435 2567 3462 l,

2560 3472 2562 3490 ι

2560 3495 2561 3513 i
