<?xml version="1.0" encoding="UTF-8"?>
<!DOCTYPE html PUBLIC "-//W3C//DTD XHTML 1.0 Transitional//EN"
    "http://www.w3.org/TR/xhtml1/DTD/xhtml1-transitional.dtd">
<html xmlns="http://www.w3.org/1999/xhtml" xml:lang="en" lang="en">
 <head>
  <title>
</title>
<meta http-equiv="Content-Type" content="text/html;charset=utf-8" />
  <meta name='ocr-system' content='tesseract 3.04.00' />
  <meta name='ocr-capabilities' content='ocr_page ocr_carea ocr_par ocr_line ocrx_word'/>
</head>
<body>
  <div class='ocr_page' id='page_1' title='image "./fratrispetrimari02gazzuoft_0086.png"; bbox 0 0 2577 3633; ppageno 0'>
   <div class='ocr_carea' id='block_1_1' title="bbox 335 127 392 170">
    <p class='ocr_par' dir='ltr' id='par_1_1' title="bbox 335 127 392 170">
     <span class='ocr_line' id='line_1_1' title="bbox 335 127 392 170; baseline 0 0"><span class='ocrx_word' id='word_1_1' title='bbox 335 127 392 170; x_wconf 75' lang='lat'>66</span> 
     </span>
    </p>
   </div>
   <div class='ocr_carea' id='block_1_2' title="bbox 273 188 1370 362">
    <p class='ocr_par' dir='ltr' id='par_1_2' title="bbox 273 188 1370 362">
     <span class='ocr_line' id='line_1_2' title="bbox 330 188 1370 252; baseline -0.023 -10"><span class='ocrx_word' id='word_1_2' title='bbox 330 204 418 243; x_wconf 79' lang='lat'>216.</span> <span class='ocrx_word' id='word_1_3' title='bbox 447 202 521 240; x_wconf 87' lang='lat' dir='ltr'>Ob.</span> <span class='ocrx_word' id='word_1_4' title='bbox 551 200 702 252; x_wconf 84' lang='lat' dir='ltr'>primO.</span> <span class='ocrx_word' id='word_1_5' title='bbox 747 195 867 234; x_wconf 82' lang='lat' dir='ltr'>Terra</span> <span class='ocrx_word' id='word_1_6' title='bbox 895 192 1075 231; x_wconf 83' lang='lat' dir='ltr'>Chanaan</span> <span class='ocrx_word' id='word_1_7' title='bbox 1115 199 1217 247; x_wconf 83' lang='lat' dir='ltr'>saepe</span> <span class='ocrx_word' id='word_1_8' title='bbox 1246 188 1370 226; x_wconf 76' lang='lat' dir='ltr'>Abra..</span> 
     </span>
     <span class='ocr_line' id='line_1_3' title="bbox 274 242 1369 304; baseline -0.016 -8"><span class='ocrx_word' id='word_1_9' title='bbox 274 257 363 296; x_wconf 87' lang='lat' dir='ltr'>ham</span> <span class='ocrx_word' id='word_1_10' title='bbox 382 287 392 304; x_wconf 92' lang='lat'>,</span> <span class='ocrx_word' id='word_1_11' title='bbox 420 257 543 301; x_wconf 78' lang='lat' dir='ltr'>Isaac,</span> <span class='ocrx_word' id='word_1_12' title='bbox 571 250 709 298; x_wconf 82' lang='lat' dir='ltr'><strong>Jacob,</strong></span> <span class='ocrx_word' id='word_1_13' title='bbox 733 260 939 298; x_wconf 86' lang='lat' dir='ltr'>eorumque</span> <span class='ocrx_word' id='word_1_14' title='bbox 960 242 1051 281; x_wconf 74' lang='lat' dir='ltr'>filiis</span> <span class='ocrx_word' id='word_1_15' title='bbox 1072 253 1255 291; x_wconf 82' lang='lat' dir='ltr'>promissa</span> <span class='ocrx_word' id='word_1_16' title='bbox 1276 243 1369 302; x_wconf 77' lang='lat' dir='ltr'>fuit3</span> 
     </span>
     <span class='ocr_line' id='line_1_4' title="bbox 273 294 1370 362; baseline -0.022 -14"><span class='ocrx_word' id='word_1_17' title='bbox 273 311 375 362; x_wconf 88' lang='lat' dir='ltr'>atqui</span> <span class='ocrx_word' id='word_1_18' title='bbox 404 309 462 346; x_wconf 89' lang='lat' dir='ltr'>isti</span> <span class='ocrx_word' id='word_1_19' title='bbox 491 304 746 350; x_wconf 80' lang='lat' dir='ltr'>Patriarchae,</span> <span class='ocrx_word' id='word_1_20' title='bbox 776 300 961 350; x_wconf 86' lang='lat' dir='ltr'>multique</span> <span class='ocrx_word' id='word_1_21' title='bbox 988 306 1120 331; x_wconf 84' lang='lat' dir='ltr'>eorum</span> <span class='ocrx_word' id='word_1_22' title='bbox 1149 303 1297 346; x_wconf 85' lang='lat' dir='ltr'>nepotes</span> <span class='ocrx_word' id='word_1_23' title='bbox 1325 294 1370 333; x_wconf 81' lang='lat'>11.</span> 
     </span>
    </p>
   </div>
   <div class='ocr_carea' id='block_1_3' title="bbox 271 347 1371 467">
    <p class='ocr_par' dir='ltr' id='par_1_3' title="bbox 271 347 1371 467">
     <span class='ocr_line' id='line_1_5' title="bbox 271 347 1371 413; baseline -0.015 -13"><span class='ocrx_word' id='word_1_24' title='bbox 271 362 350 400; x_wconf 89' lang='lat' dir='ltr'>lam</span> <span class='ocrx_word' id='word_1_25' title='bbox 381 372 590 413; x_wconf 83' lang='lat' dir='ltr'>numquam</span> <span class='ocrx_word' id='word_1_26' title='bbox 619 357 874 411; x_wconf 82' lang='lat' dir='ltr'>possederunt:</span> <span class='ocrx_word' id='word_1_27' title='bbox 904 361 991 400; x_wconf 85' lang='lat' dir='ltr'>ergo</span> <span class='ocrx_word' id='word_1_28' title='bbox 1020 348 1194 384; x_wconf 80' lang='lat' dir='ltr'>futurum</span> <span class='ocrx_word' id='word_1_29' title='bbox 1221 356 1273 385; x_wconf 87' lang='lat' dir='ltr'>est</span> <span class='ocrx_word' id='word_1_30' title='bbox 1296 347 1371 407; x_wconf 70' lang='lat' dir='ltr'>ali-</span> 
     </span>
     <span class='ocr_line' id='line_1_6' title="bbox 273 398 1371 467; baseline -0.015 -14"><span class='ocrx_word' id='word_1_31' title='bbox 273 415 423 467; x_wconf 67' lang='lat' dir='ltr'>quando</span> <span class='ocrx_word' id='word_1_32' title='bbox 452 422 625 465; x_wconf 82' lang='lat' dir='ltr'>tempus,</span> <span class='ocrx_word' id='word_1_33' title='bbox 671 411 712 448; x_wconf 80' lang='lat' dir='ltr'>in</span> <span class='ocrx_word' id='word_1_34' title='bbox 740 421 816 459; x_wconf 82' lang='lat' dir='ltr'>quo</span> <span class='ocrx_word' id='word_1_35' title='bbox 842 402 946 442; x_wconf 78' lang='lat' dir='ltr'>Deus</span> <span class='ocrx_word' id='word_1_36' title='bbox 973 413 1081 438; x_wconf 70' lang='lat' dir='ltr'>suam</span> <span class='ocrx_word' id='word_1_37' title='bbox 1122 399 1239 438; x_wconf 77' lang='lat' dir='ltr'>fidem</span> <span class='ocrx_word' id='word_1_38' title='bbox 1275 398 1371 438; x_wconf 76' lang='lat' dir='ltr'>hbe-</span> 
     </span>
    </p>
   </div>
   <div class='ocr_carea' id='block_1_4' title="bbox 265 454 1372 1731">
    <p class='ocr_par' dir='ltr' id='par_1_4' title="bbox 271 454 1368 506">
     <span class='ocr_line' id='line_1_7' title="bbox 271 454 1368 506; baseline -0.014 0"><span class='ocrx_word' id='word_1_39' title='bbox 271 481 354 506; x_wconf 84' lang='lat' dir='ltr'>rans</span> <span class='ocrx_word' id='word_1_40' title='bbox 384 467 519 506; x_wconf 80' lang='lat' dir='ltr'>iisdem</span> <span class='ocrx_word' id='word_1_41' title='bbox 548 466 587 503; x_wconf 90' lang='lat' dir='ltr'>in</span> <span class='ocrx_word' id='word_1_42' title='bbox 617 463 721 501; x_wconf 80' lang='lat' dir='ltr'>felici</span> <span class='ocrx_word' id='word_1_43' title='bbox 751 460 818 497; x_wconf 81' lang='lat' dir='ltr'>illa</span> <span class='ocrx_word' id='word_1_44' title='bbox 847 465 945 493; x_wconf 80' lang='lat' dir='ltr'>terta</span> <span class='ocrx_word' id='word_1_45' title='bbox 973 466 1130 504; x_wconf 78' lang='lat' dir='ltr'>regnum</span> <span class='ocrx_word' id='word_1_46' title='bbox 1162 454 1368 501; x_wconf 73' lang='lat' dir='ltr'>concedat.</span> 
     </span>
    </p>

    <p class='ocr_par' dir='ltr' id='par_1_5' title="bbox 267 505 1371 1365">
     <span class='ocr_line' id='line_1_8' title="bbox 329 505 1367 572; baseline -0.017 -12"><span class='ocrx_word' id='word_1_47' title='bbox 329 535 418 572; x_wconf 85' lang='lat'>217.</span> <span class='ocrx_word' id='word_1_48' title='bbox 446 517 559 571; x_wconf 70' lang='lat' dir='ltr'>Hesp.</span> <span class='ocrx_word' id='word_1_49' title='bbox 586 516 654 554; x_wconf 73' lang='lat' dir='ltr'>has</span> <span class='ocrx_word' id='word_1_50' title='bbox 683 511 971 565; x_wconf 80' lang='lat' dir='ltr'>promissiones,</span> <span class='ocrx_word' id='word_1_51' title='bbox 1010 508 1040 544; x_wconf 88' lang='lat' dir='ltr'>si</span> <span class='ocrx_word' id='word_1_52' title='bbox 1070 505 1283 544; x_wconf 72' lang='lat' dir='ltr'>litteraliter</span> <span class='ocrx_word' id='word_1_53' title='bbox 1311 509 1367 543; x_wconf 88' lang='lat' dir='ltr'>in-</span> 
     </span>
     <span class='ocr_line' id='line_1_9' title="bbox 271 557 1367 626; baseline -0.016 -13"><span class='ocrx_word' id='word_1_54' title='bbox 271 573 517 626; x_wconf 81' lang='lat' dir='ltr'>telligantur,</span> <span class='ocrx_word' id='word_1_55' title='bbox 561 567 771 607; x_wconf 78' lang='lat' dir='ltr'>referendas</span> <span class='ocrx_word' id='word_1_56' title='bbox 813 575 890 600; x_wconf 87' lang='lat' dir='ltr'>esse</span> <span class='ocrx_word' id='word_1_57' title='bbox 930 562 979 599; x_wconf 82' lang='lat' dir='ltr'>ad</span> <span class='ocrx_word' id='word_1_58' title='bbox 1019 557 1176 597; x_wconf 88' lang='lat' dir='ltr'>illorum</span> <span class='ocrx_word' id='word_1_59' title='bbox 1206 558 1367 596; x_wconf 70' lang='lat' dir='ltr'>Pau-iar-</span> 
     </span>
     <span class='ocr_line' id='line_1_10' title="bbox 273 612 1367 670; baseline -0.018 -4"><span class='ocrx_word' id='word_1_60' title='bbox 273 628 431 666; x_wconf 83' lang='lat' dir='ltr'>charum</span> <span class='ocrx_word' id='word_1_61' title='bbox 462 624 559 663; x_wconf 83' lang='lat' dir='ltr'>filios</span> <span class='ocrx_word' id='word_1_62' title='bbox 577 651 587 670; x_wconf 89' lang='lat'>,</span> <span class='ocrx_word' id='word_1_63' title='bbox 623 628 687 657; x_wconf 84' lang='lat' dir='ltr'>aut</span> <span class='ocrx_word' id='word_1_64' title='bbox 716 625 892 668; x_wconf 81' lang='lat' dir='ltr'>nepotes,</span> <span class='ocrx_word' id='word_1_65' title='bbox 921 615 988 667; x_wconf 91' lang='lat' dir='ltr'>qui</span> <span class='ocrx_word' id='word_1_66' title='bbox 1017 613 1228 650; x_wconf 79' lang='lat' dir='ltr'>diutissime</span> <span class='ocrx_word' id='word_1_67' title='bbox 1259 612 1367 648; x_wconf 79' lang='lat' dir='ltr'>uber-</span> 
     </span>
     <span class='ocr_line' id='line_1_11' title="bbox 271 664 1366 725; baseline -0.016 -6"><span class='ocrx_word' id='word_1_68' title='bbox 271 683 390 719; x_wconf 80' lang='lat' dir='ltr'>rimas</span> <span class='ocrx_word' id='word_1_69' title='bbox 418 677 501 716; x_wconf 76' lang='lat' dir='ltr'>illas</span> <span class='ocrx_word' id='word_1_70' title='bbox 542 675 706 725; x_wconf 81' lang='lat' dir='ltr'>regiones</span> <span class='ocrx_word' id='word_1_71' title='bbox 751 669 1016 711; x_wconf 81' lang='lat' dir='ltr'>incoluerunt3</span> <span class='ocrx_word' id='word_1_72' title='bbox 1058 665 1091 701; x_wconf 75' lang='grc'>8(</span> <span class='ocrx_word' id='word_1_73' title='bbox 1120 664 1221 716; x_wconf 76' lang='lat' dir='ltr'>quod</span> <span class='ocrx_word' id='word_1_74' title='bbox 1250 664 1366 711; x_wconf 70' lang='lat' dir='ltr'>filiis5</span> 
     </span>
     <span class='ocr_line' id='line_1_12' title="bbox 275 719 1367 782; baseline -0.015 -12"><span class='ocrx_word' id='word_1_75' title='bbox 275 732 336 771; x_wconf 83' lang='lat' dir='ltr'>vel</span> <span class='ocrx_word' id='word_1_76' title='bbox 357 729 556 782; x_wconf 77' lang='lat' dir='ltr'>nepotibus</span> <span class='ocrx_word' id='word_1_77' title='bbox 575 736 793 764; x_wconf 81' lang='lat' dir='ltr'>concessum</span> <span class='ocrx_word' id='word_1_78' title='bbox 821 723 894 759; x_wconf 81' lang='lat' dir='ltr'>fuit</span> <span class='ocrx_word' id='word_1_79' title='bbox 909 750 921 768; x_wconf 87' lang='lat'>‚</span> <span class='ocrx_word' id='word_1_80' title='bbox 951 719 1082 771; x_wconf 84' lang='lat' dir='ltr'>aliqua</span> <span class='ocrx_word' id='word_1_81' title='bbox 1096 719 1240 755; x_wconf 83' lang='lat' dir='ltr'>ratione</span> <span class='ocrx_word' id='word_1_82' title='bbox 1255 720 1367 754; x_wconf 84' lang='lat' dir='ltr'>etiam</span> 
     </span>
     <span class='ocr_line' id='line_1_13' title="bbox 273 769 1367 835; baseline -0.016 -12"><span class='ocrx_word' id='word_1_83' title='bbox 273 785 320 824; x_wconf 89' lang='lat' dir='ltr'>ad</span> <span class='ocrx_word' id='word_1_84' title='bbox 349 793 470 835; x_wconf 87' lang='lat' dir='ltr'>patres</span> <span class='ocrx_word' id='word_1_85' title='bbox 498 788 665 832; x_wconf 85' lang='lat' dir='ltr'>spectare</span> <span class='ocrx_word' id='word_1_86' title='bbox 692 777 870 815; x_wconf 82' lang='lat' dir='ltr'>videtur.</span> <span class='ocrx_word' id='word_1_87' title='bbox 912 771 953 810; x_wconf 88' lang='lat' dir='ltr'>Si</span> <span class='ocrx_word' id='word_1_88' title='bbox 983 783 1070 810; x_wconf 84' lang='lat' dir='ltr'>vero</span> <span class='ocrx_word' id='word_1_89' title='bbox 1111 769 1367 820; x_wconf 76' lang='lat' dir='ltr'>intelligantur</span> 
     </span>
     <span class='ocr_line' id='line_1_14' title="bbox 268 823 1367 889; baseline -0.016 -14"><span class='ocrx_word' id='word_1_90' title='bbox 268 836 549 889; x_wconf 80' lang='lat' dir='ltr'>spiritualiter,</span> <span class='ocrx_word' id='word_1_91' title='bbox 590 832 757 884; x_wconf 84' lang='lat' dir='ltr'>patriam</span> <span class='ocrx_word' id='word_1_92' title='bbox 805 826 999 866; x_wconf 72' lang='lat' dir='ltr'>coelestem</span> <span class='ocrx_word' id='word_1_93' title='bbox 1039 824 1265 874; x_wconf 83' lang='lat' dir='ltr'>designant,</span> <span class='ocrx_word' id='word_1_94' title='bbox 1321 823 1367 860; x_wconf 75' lang='lat' dir='ltr'>ad</span> 
     </span>
     <span class='ocr_line' id='line_1_15' title="bbox 269 874 1366 943; baseline -0.014 -15"><span class='ocrx_word' id='word_1_95' title='bbox 269 903 385 943; x_wconf 89' lang='lat' dir='ltr'>quam</span> <span class='ocrx_word' id='word_1_96' title='bbox 401 889 481 939; x_wconf 80' lang='lat' dir='ltr'>jam</span> <span class='ocrx_word' id='word_1_97' title='bbox 497 886 556 925; x_wconf 91' lang='lat' dir='ltr'>illi</span> <span class='ocrx_word' id='word_1_98' title='bbox 571 883 703 924; x_wconf 81' lang='lat' dir='ltr'>Sancti</span> <span class='ocrx_word' id='word_1_99' title='bbox 717 887 966 935; x_wconf 86' lang='lat' dir='ltr'>pervenerunt</span> <span class='ocrx_word' id='word_1_100' title='bbox 982 903 992 915; x_wconf 87' lang='lat'>.</span> <span class='ocrx_word' id='word_1_101' title='bbox 1014 877 1105 936; x_wconf 72' lang='lat' dir='ltr'>Utnt</span> <span class='ocrx_word' id='word_1_102' title='bbox 1121 889 1177 913; x_wconf 88' lang='lat' dir='ltr'>res</span> <span class='ocrx_word' id='word_1_103' title='bbox 1192 878 1238 912; x_wconf 88' lang='lat' dir='ltr'>sit</span> <span class='ocrx_word' id='word_1_104' title='bbox 1253 905 1264 923; x_wconf 78' lang='lat'>,</span> <span class='ocrx_word' id='word_1_105' title='bbox 1285 874 1366 913; x_wconf 80' lang='lat' dir='ltr'>illae</span> 
     </span>
     <span class='ocr_line' id='line_1_16' title="bbox 267 929 1368 995; baseline -0.014 -15"><span class='ocrx_word' id='word_1_106' title='bbox 267 943 532 995; x_wconf 84' lang='lat' dir='ltr'>promissiones</span> <span class='ocrx_word' id='word_1_107' title='bbox 550 936 859 981; x_wconf 81' lang='lat' dir='ltr'>Millenariorum</span> <span class='ocrx_word' id='word_1_108' title='bbox 888 938 1076 985; x_wconf 79' lang='lat' dir='ltr'>systemati</span> <span class='ocrx_word' id='word_1_109' title='bbox 1105 929 1368 988; x_wconf 78' lang='lat' dir='ltr'>accommoda-</span> 
     </span>
     <span class='ocr_line' id='line_1_17' title="bbox 270 981 1368 1046; baseline -0.015 -11"><span class='ocrx_word' id='word_1_110' title='bbox 270 997 305 1033; x_wconf 82' lang='lat' dir='ltr'>ri</span> <span class='ocrx_word' id='word_1_111' title='bbox 334 1008 404 1034; x_wconf 87' lang='lat' dir='ltr'>non</span> <span class='ocrx_word' id='word_1_112' title='bbox 434 1001 613 1046; x_wconf 86' lang='lat' dir='ltr'>possunt3</span> <span class='ocrx_word' id='word_1_113' title='bbox 655 1002 744 1028; x_wconf 86' lang='lat' dir='ltr'>cum</span> <span class='ocrx_word' id='word_1_114' title='bbox 773 989 813 1024; x_wconf 89' lang='lat' dir='ltr'>in</span> <span class='ocrx_word' id='word_1_115' title='bbox 843 989 932 1039; x_wconf 89' lang='lat' dir='ltr'>ipsis</span> <span class='ocrx_word' id='word_1_116' title='bbox 960 997 1030 1021; x_wconf 88' lang='lat' dir='ltr'>nou</span> <span class='ocrx_word' id='word_1_117' title='bbox 1075 981 1368 1040; x_wconf 77' lang='lat' dir='ltr'>determinatum</span> 
     </span>
     <span class='ocr_line' id='line_1_18' title="bbox 268 1032 1369 1094; baseline -0.019 -6"><span class='ocrx_word' id='word_1_118' title='bbox 268 1048 376 1087; x_wconf 82' lang='lat' dir='ltr'>mille</span> <span class='ocrx_word' id='word_1_119' title='bbox 404 1059 590 1086; x_wconf 81' lang='lat' dir='ltr'>annorum</span> <span class='ocrx_word' id='word_1_120' title='bbox 619 1042 854 1082; x_wconf 87' lang='lat' dir='ltr'>curriculum</span> <span class='ocrx_word' id='word_1_121' title='bbox 876 1069 887 1087; x_wconf 82' lang='grc'>,</span> <span class='ocrx_word' id='word_1_122' title='bbox 916 1039 978 1076; x_wconf 88' lang='lat' dir='ltr'>sed</span> <span class='ocrx_word' id='word_1_123' title='bbox 1007 1032 1246 1094; x_wconf 63' lang='lat' dir='ltr'>indefinitum</span> <span class='ocrx_word' id='word_1_124' title='bbox 1274 1042 1369 1094; x_wconf 62' lang='lat' dir='ltr'>tern-</span> 
     </span>
     <span class='ocr_line' id='line_1_19' title="bbox 268 1087 1369 1153; baseline -0.015 -13"><span class='ocrx_word' id='word_1_125' title='bbox 268 1115 365 1153; x_wconf 86' lang='lat' dir='ltr'>pus,</span> <span class='ocrx_word' id='word_1_126' title='bbox 406 1109 470 1139; x_wconf 87' lang='lat' dir='ltr'>aut</span> <span class='ocrx_word' id='word_1_127' title='bbox 498 1099 621 1150; x_wconf 90' lang='lat' dir='ltr'>potius</span> <span class='ocrx_word' id='word_1_128' title='bbox 651 1105 787 1134; x_wconf 83' lang='lat' dir='ltr'>aeterna</span> <span class='ocrx_word' id='word_1_129' title='bbox 815 1093 994 1144; x_wconf 85' lang='lat' dir='ltr'>possessio</span> <span class='ocrx_word' id='word_1_130' title='bbox 1021 1089 1262 1137; x_wconf 82' lang='lat' dir='ltr'>designetur.</span> <span class='ocrx_word' id='word_1_131' title='bbox 1304 1087 1369 1124; x_wconf 75' lang='lat' dir='ltr'>Sic</span> 
     </span>
     <span class='ocr_line' id='line_1_20' title="bbox 270 1139 1369 1196; baseline -0.017 -3"><span class='ocrx_word' id='word_1_132' title='bbox 270 1155 406 1192; x_wconf 79' lang='lat' dir='ltr'>Genes.</span> <span class='ocrx_word' id='word_1_133' title='bbox 427 1153 532 1191; x_wconf 87' lang='lat' dir='ltr'>XIII.</span> <span class='ocrx_word' id='word_1_134' title='bbox 568 1152 628 1189; x_wconf 82' lang='lat'>15.</span> <span class='ocrx_word' id='word_1_135' title='bbox 657 1147 853 1188; x_wconf 82' lang='lat' dir='ltr'>Abraham</span> <span class='ocrx_word' id='word_1_136' title='bbox 893 1144 973 1196; x_wconf 78' lang='lat' dir='ltr'>jam</span> <span class='ocrx_word' id='word_1_137' title='bbox 1010 1139 1202 1178; x_wconf 71' lang='lat' dir='ltr'>habitanti</span> <span class='ocrx_word' id='word_1_138' title='bbox 1231 1141 1269 1177; x_wconf 92' lang='lat' dir='ltr'>in</span> <span class='ocrx_word' id='word_1_139' title='bbox 1297 1148 1369 1176; x_wconf 83' lang='lat' dir='ltr'>ter-</span> 
     </span>
     <span class='ocr_line' id='line_1_21' title="bbox 276 1201 1370 1254; baseline -0.016 -10"><span class='ocrx_word' id='word_1_140' title='bbox 276 1220 319 1246; x_wconf 80' lang='lat' dir='ltr'>ra</span> <span class='ocrx_word' id='word_1_141' title='bbox 346 1207 541 1246; x_wconf 84' lang='lat' dir='ltr'>Chanaam</span> <span class='ocrx_word' id='word_1_142' title='bbox 569 1204 663 1241; x_wconf 87' lang='lat' dir='ltr'>dixit</span> <span class='ocrx_word' id='word_1_143' title='bbox 691 1201 819 1239; x_wconf 88' lang='lat' dir='ltr'>Deus:</span> <span class='ocrx_word' id='word_1_144' title='bbox 845 1209 1007 1235; x_wconf 82' lang='lat' dir='ltr'>omnem</span> <span class='ocrx_word' id='word_1_145' title='bbox 1035 1202 1219 1254; x_wconf 78' lang='lat' dir='ltr'>terram,</span> <span class='ocrx_word' id='word_1_146' title='bbox 1247 1205 1370 1244; x_wconf 83' lang='lat' dir='ltr'>quam</span> 
     </span>
     <span class='ocr_line' id='line_1_22' title="bbox 269 1253 1371 1311; baseline -0.015 -12"><span class='ocrx_word' id='word_1_147' title='bbox 269 1264 482 1311; x_wconf 79' lang='lat' dir='ltr'>conspicis,</span> <span class='ocrx_word' id='word_1_148' title='bbox 511 1256 576 1296; x_wconf 83' lang='lat' dir='ltr'>tibi</span> <span class='ocrx_word' id='word_1_149' title='bbox 595 1255 695 1294; x_wconf 69' lang='lat' dir='ltr'>dabo</span> <span class='ocrx_word' id='word_1_150' title='bbox 713 1282 725 1302; x_wconf 86' lang='lat'>‚</span> <span class='ocrx_word' id='word_1_151' title='bbox 753 1253 801 1293; x_wconf 57' lang='grc' dir='ltr'><strong><em>ὠ</em></strong></span> <span class='ocrx_word' id='word_1_152' title='bbox 821 1253 965 1290; x_wconf 77' lang='lat' dir='ltr'>semini</span> <span class='ocrx_word' id='word_1_153' title='bbox 983 1259 1046 1287; x_wconf 89' lang='lat' dir='ltr'>tuo</span> <span class='ocrx_word' id='word_1_154' title='bbox 1066 1259 1184 1299; x_wconf 85' lang='lat' dir='ltr'>usque</span> <span class='ocrx_word' id='word_1_155' title='bbox 1206 1259 1247 1283; x_wconf 85' lang='grc' dir='ltr'>ιη</span> <span class='ocrx_word' id='word_1_156' title='bbox 1266 1259 1371 1284; x_wconf 86' lang='lat' dir='ltr'>sem-</span> 
     </span>
     <span class='ocr_line' id='line_1_23' title="bbox 267 1318 1311 1365; baseline -0.013 -13"><span class='ocrx_word' id='word_1_157' title='bbox 267 1318 492 1365; x_wconf 78' lang='lat' dir='ltr'>piternum.</span> <span class='ocrx_word' id='word_1_158' title='bbox 1238 1353 1245 1362; x_wconf 24' lang='grc' dir='ltr'><strong><em>ἡ</em></strong></span> <span class='ocrx_word' id='word_1_159' title='bbox 1304 1354 1311 1361; x_wconf 31' lang='grc' dir='ltr'>ι</span> 
     </span>
    </p>

    <p class='ocr_par' dir='ltr' id='par_1_6' title="bbox 265 1349 1372 1731">
     <span class='ocr_line' id='line_1_24' title="bbox 325 1349 1371 1415; baseline -0.013 -10"><span class='ocrx_word' id='word_1_160' title='bbox 325 1366 415 1405; x_wconf 81' lang='lat'>218.</span> <span class='ocrx_word' id='word_1_161' title='bbox 445 1363 537 1415; x_wconf 78' lang='lat' dir='ltr'>Obj.</span> <span class='ocrx_word' id='word_1_162' title='bbox 567 1362 747 1402; x_wconf 83' lang='lat' dir='ltr'>secundo.</span> <span class='ocrx_word' id='word_1_163' title='bbox 787 1357 958 1398; x_wconf 83' lang='lat' dir='ltr'>Celebris</span> <span class='ocrx_word' id='word_1_164' title='bbox 986 1360 1040 1396; x_wconf 59' lang='lat' dir='ltr'>est</span> <span class='ocrx_word' id='word_1_165' title='bbox 1073 1350 1272 1407; x_wconf 84' lang='lat' dir='ltr'>prophetia</span> <span class='ocrx_word' id='word_1_166' title='bbox 1300 1349 1371 1391; x_wconf 67' lang='lat' dir='ltr'>illa</span> 
     </span>
     <span class='ocr_line' id='line_1_25' title="bbox 270 1405 1370 1468; baseline -0.014 -11"><span class='ocrx_word' id='word_1_167' title='bbox 270 1418 376 1457; x_wconf 68' lang='lat' dir='ltr'>Isaiae</span> <span class='ocrx_word' id='word_1_168' title='bbox 398 1418 521 1457; x_wconf 90' lang='lat' dir='ltr'>LXV.</span> <span class='ocrx_word' id='word_1_169' title='bbox 548 1431 607 1468; x_wconf 81' lang='lat'>¹7·</span> <span class='ocrx_word' id='word_1_170' title='bbox 638 1416 671 1452; x_wconf 75' lang='grc' dir='ltr'>ἃ</span> <span class='ocrx_word' id='word_1_171' title='bbox 700 1429 777 1466; x_wconf 86' lang='lat' dir='ltr'>seq.</span> <span class='ocrx_word' id='word_1_172' title='bbox 807 1413 875 1451; x_wconf 90' lang='lat' dir='ltr'>ubi</span> <span class='ocrx_word' id='word_1_173' title='bbox 904 1409 1167 1450; x_wconf 87' lang='lat' dir='ltr'>describuntur</span> <span class='ocrx_word' id='word_1_174' title='bbox 1194 1405 1286 1445; x_wconf 85' lang='lat' dir='ltr'>coeli</span> <span class='ocrx_word' id='word_1_175' title='bbox 1306 1419 1370 1443; x_wconf 90' lang='lat' dir='ltr'>no-</span> 
     </span>
     <span class='ocr_line' id='line_1_26' title="bbox 267 1459 1370 1520; baseline -0.014 -10"><span class='ocrx_word' id='word_1_176' title='bbox 267 1473 329 1520; x_wconf 85' lang='lat' dir='ltr'>vi,</span> <span class='ocrx_word' id='word_1_177' title='bbox 372 1471 405 1508; x_wconf 85' lang='lat'>&amp;</span> <span class='ocrx_word' id='word_1_178' title='bbox 435 1480 530 1508; x_wconf 84' lang='lat' dir='ltr'>terra</span> <span class='ocrx_word' id='word_1_179' title='bbox 560 1482 677 1517; x_wconf 84' lang='lat' dir='ltr'>nova,</span> <span class='ocrx_word' id='word_1_180' title='bbox 720 1476 944 1519; x_wconf 86' lang='lat' dir='ltr'>perpetuum</span> <span class='ocrx_word' id='word_1_181' title='bbox 981 1462 1166 1515; x_wconf 85' lang='lat' dir='ltr'>gaudium</span> <span class='ocrx_word' id='word_1_182' title='bbox 1195 1462 1273 1499; x_wconf 86' lang='lat' dir='ltr'>sine</span> <span class='ocrx_word' id='word_1_183' title='bbox 1304 1459 1370 1496; x_wconf 85' lang='lat' dir='ltr'>fle-</span> 
     </span>
     <span class='ocr_line' id='line_1_27' title="bbox 265 1514 1370 1572; baseline -0.012 -10"><span class='ocrx_word' id='word_1_184' title='bbox 265 1532 306 1562; x_wconf 82' lang='lat' dir='ltr'>tu</span> <span class='ocrx_word' id='word_1_185' title='bbox 323 1554 334 1572; x_wconf 87' lang='lat'>,</span> <span class='ocrx_word' id='word_1_186' title='bbox 363 1533 427 1562; x_wconf 84' lang='lat' dir='ltr'>aut</span> <span class='ocrx_word' id='word_1_187' title='bbox 449 1523 646 1570; x_wconf 80' lang='lat' dir='ltr'>clamore,</span> <span class='ocrx_word' id='word_1_188' title='bbox 675 1520 852 1566; x_wconf 74' lang='lat' dir='ltr'>ubertas,</span> <span class='ocrx_word' id='word_1_189' title='bbox 889 1518 923 1554; x_wconf 72' lang='grc' dir='ltr'>δε</span> <span class='ocrx_word' id='word_1_190' title='bbox 950 1518 1060 1568; x_wconf 88' lang='lat' dir='ltr'>copia</span> <span class='ocrx_word' id='word_1_191' title='bbox 1089 1516 1285 1553; x_wconf 86' lang='lat' dir='ltr'>fructuum</span> <span class='ocrx_word' id='word_1_192' title='bbox 1313 1514 1370 1550; x_wconf 89' lang='lat' dir='ltr'>in-</span> 
     </span>
     <span class='ocr_line' id='line_1_28' title="bbox 265 1565 1370 1628; baseline -0.012 -13"><span class='ocrx_word' id='word_1_193' title='bbox 265 1576 488 1625; x_wconf 86' lang='lat' dir='ltr'>credibilis,</span> <span class='ocrx_word' id='word_1_194' title='bbox 518 1575 620 1628; x_wconf 89' lang='lat' dir='ltr'>quod</span> <span class='ocrx_word' id='word_1_195' title='bbox 648 1573 786 1626; x_wconf 85' lang='lat' dir='ltr'>lupus,</span> <span class='ocrx_word' id='word_1_196' title='bbox 816 1571 850 1607; x_wconf 73' lang='grc' dir='ltr'>ἃ</span> <span class='ocrx_word' id='word_1_197' title='bbox 870 1584 986 1621; x_wconf 80' lang='lat' dir='ltr'>agnus</span> <span class='ocrx_word' id='word_1_198' title='bbox 1007 1577 1205 1622; x_wconf 84' lang='lat' dir='ltr'>pascentur</span> <span class='ocrx_word' id='word_1_199' title='bbox 1232 1565 1370 1614; x_wconf 66' lang='lat' dir='ltr'>simul,</span> 
     </span>
     <span class='ocr_line' id='line_1_29' title="bbox 268 1619 1372 1683; baseline -0.009 -16"><span class='ocrx_word' id='word_1_200' title='bbox 268 1629 420 1683; x_wconf 76' lang='lat' dir='ltr'>aliaque</span> <span class='ocrx_word' id='word_1_201' title='bbox 449 1626 697 1677; x_wconf 69' lang='lat' dir='ltr'>huiusmodi,</span> <span class='ocrx_word' id='word_1_202' title='bbox 739 1638 828 1678; x_wconf 82' lang='lat' dir='ltr'>quae</span> <span class='ocrx_word' id='word_1_203' title='bbox 858 1632 958 1662; x_wconf 87' lang='lat' dir='ltr'>certe</span> <span class='ocrx_word' id='word_1_204' title='bbox 987 1622 1152 1661; x_wconf 85' lang='lat' dir='ltr'>nondum</span> <span class='ocrx_word' id='word_1_205' title='bbox 1181 1619 1372 1671; x_wconf 77' lang='lat' dir='ltr'>completa</span> 
     </span>
     <span class='ocr_line' id='line_1_30' title="bbox 267 1673 1369 1731; baseline -0.012 -10"><span class='ocrx_word' id='word_1_206' title='bbox 267 1684 399 1731; x_wconf 86' lang='lat' dir='ltr'>fuere,</span> <span class='ocrx_word' id='word_1_207' title='bbox 424 1678 751 1731; x_wconf 75' lang='lat' dir='ltr'>mc&#39;complenda</span> <span class='ocrx_word' id='word_1_208' title='bbox 779 1691 857 1716; x_wconf 86' lang='lat' dir='ltr'>esse</span> <span class='ocrx_word' id='word_1_209' title='bbox 884 1677 1024 1727; x_wconf 84' lang='lat' dir='ltr'>aliquis</span> <span class='ocrx_word' id='word_1_210' title='bbox 1053 1683 1202 1726; x_wconf 82' lang='lat' dir='ltr'>sperat,</span> <span class='ocrx_word' id='word_1_211' title='bbox 1230 1674 1302 1709; x_wconf 89' lang='lat' dir='ltr'>nisi</span> <span class='ocrx_word' id='word_1_212' title='bbox 1332 1673 1369 1708; x_wconf 87' lang='lat' dir='ltr'>in</span> 
     </span>
    </p>
   </div>
   <div class='ocr_carea' id='block_1_5' title="bbox 267 1735 1370 1839">
    <p class='ocr_par' dir='ltr' id='par_1_7' title="bbox 267 1735 1370 1839">
     <span class='ocr_line' id='line_1_31' title="bbox 267 1735 712 1782; baseline -0.011 -10"><span class='ocrx_word' id='word_1_213' title='bbox 267 1735 542 1772; x_wconf 81' lang='lat' dir='ltr'>Chiliastarum</span> <span class='ocrx_word' id='word_1_214' title='bbox 568 1743 684 1782; x_wconf 64' lang='lat' dir='ltr'>&gt;regno</span> <span class='ocrx_word' id='word_1_215' title='bbox 698 1754 712 1767; x_wconf 76' lang='grc'><strong>.</strong></span> 
     </span>
     <span class='ocr_line' id='line_1_32' title="bbox 324 1775 1370 1839; baseline -0.009 -14"><span class='ocrx_word' id='word_1_216' title='bbox 324 1800 417 1839; x_wconf 81' lang='lat'>219.</span> <span class='ocrx_word' id='word_1_217' title='bbox 442 1787 543 1823; x_wconf 82' lang='lat' dir='ltr'>Cum</span> <span class='ocrx_word' id='word_1_218' title='bbox 572 1783 630 1821; x_wconf 83' lang='lat' dir='ltr'>his</span> <span class='ocrx_word' id='word_1_219' title='bbox 658 1781 876 1828; x_wconf 76' lang='lat' dir='ltr'>cohaerent,</span> <span class='ocrx_word' id='word_1_220' title='bbox 912 1791 1006 1832; x_wconf 70' lang='lat' dir='ltr'>rquae</span> <span class='ocrx_word' id='word_1_221' title='bbox 1036 1777 1077 1817; x_wconf 89' lang='lat' dir='ltr'>S.</span> <span class='ocrx_word' id='word_1_222' title='bbox 1102 1775 1234 1817; x_wconf 83' lang='lat' dir='ltr'>Petrus</span> <span class='ocrx_word' id='word_1_223' title='bbox 1263 1779 1302 1816; x_wconf 86' lang='lat' dir='ltr'>in</span> <span class='ocrx_word' id='word_1_224' title='bbox 1335 1791 1370 1816; x_wconf 88' lang='lat'>2.</span> 
     </span>
    </p>
   </div>
   <div class='ocr_carea' id='block_1_6' title="bbox 268 1832 1377 2949">
    <p class='ocr_par' dir='ltr' id='par_1_8' title="bbox 268 1832 1374 2047">
     <span class='ocr_line' id='line_1_33' title="bbox 270 1832 1372 1892; baseline -0.009 -14"><span class='ocrx_word' id='word_1_225' title='bbox 270 1841 378 1892; x_wconf 88' lang='lat' dir='ltr'>epist.</span> <span class='ocrx_word' id='word_1_226' title='bbox 409 1839 474 1877; x_wconf 86' lang='lat' dir='ltr'>III.</span> <span class='ocrx_word' id='word_1_227' title='bbox 509 1838 570 1877; x_wconf 82' lang='lat'>15.</span> <span class='ocrx_word' id='word_1_228' title='bbox 598 1835 736 1874; x_wconf 85' lang='lat' dir='ltr'>habet:</span> <span class='ocrx_word' id='word_1_229' title='bbox 778 1845 896 1872; x_wconf 62' lang='lat' dir='ltr'>not-os</span> <span class='ocrx_word' id='word_1_230' title='bbox 923 1845 1010 1870; x_wconf 55' lang='lat' dir='ltr'>vero</span> <span class='ocrx_word' id='word_1_231' title='bbox 1038 1832 1182 1880; x_wconf 80' lang='lat' dir='ltr'>coelos,</span> <span class='ocrx_word' id='word_1_232' title='bbox 1225 1832 1273 1872; x_wconf 65' lang='lat'>&lt;9¹</span> <span class='ocrx_word' id='word_1_233' title='bbox 1302 1845 1372 1869; x_wconf 87' lang='lat' dir='ltr'>no·-</span> 
     </span>
     <span class='ocr_line' id='line_1_34' title="bbox 268 1887 1374 1938; baseline -0.009 -7"><span class='ocrx_word' id='word_1_234' title='bbox 268 1906 362 1932; x_wconf 77' lang='lat' dir='ltr'>vam</span> <span class='ocrx_word' id='word_1_235' title='bbox 390 1901 544 1929; x_wconf 79' lang='lat' dir='ltr'>terram</span> <span class='ocrx_word' id='word_1_236' title='bbox 559 1920 570 1938; x_wconf 92' lang='lat'>,</span> <span class='ocrx_word' id='word_1_237' title='bbox 599 1887 813 1927; x_wconf 76' lang='lat' dir='ltr'>secundum</span> <span class='ocrx_word' id='word_1_238' title='bbox 834 1889 1031 1938; x_wconf 83' lang='lat' dir='ltr'>promissa</span> <span class='ocrx_word' id='word_1_239' title='bbox 1046 1889 1165 1937; x_wconf 81' lang='lat' dir='ltr'>ipsius</span> <span class='ocrx_word' id='word_1_240' title='bbox 1185 1894 1374 1935; x_wconf 77' lang='lat' dir='ltr'>expecta-</span> 
     </span>
     <span class='ocr_line' id='line_1_35' title="bbox 271 1937 1374 1993; baseline -0.008 -9"><span class='ocrx_word' id='word_1_241' title='bbox 271 1957 386 1984; x_wconf 85' lang='lat' dir='ltr'>mus.</span> <span class='ocrx_word' id='word_1_242' title='bbox 415 1945 464 1983; x_wconf 84' lang='lat' dir='ltr'>Et</span> <span class='ocrx_word' id='word_1_243' title='bbox 491 1944 531 1982; x_wconf 90' lang='lat' dir='ltr'>S.</span> <span class='ocrx_word' id='word_1_244' title='bbox 559 1944 696 1981; x_wconf 82' lang='lat' dir='ltr'>Joann.</span> <span class='ocrx_word' id='word_1_245' title='bbox 724 1940 885 1993; x_wconf 85' lang='lat' dir='ltr'>Apocal.</span> <span class='ocrx_word' id='word_1_246' title='bbox 914 1937 1025 1977; x_wconf 86' lang='lat' dir='ltr'>XXI.</span> <span class='ocrx_word' id='word_1_247' title='bbox 1047 1952 1094 1977; x_wconf 65' lang='grc'>4.</span> <span class='ocrx_word' id='word_1_248' title='bbox 1127 1938 1202 1976; x_wconf 65' lang='lat' dir='ltr'>vidi·</span> <span class='ocrx_word' id='word_1_249' title='bbox 1229 1939 1374 1975; x_wconf 83' lang='lat' dir='ltr'>coelum</span> 
     </span>
     <span class='ocr_line' id='line_1_36' title="bbox 274 1997 904 2047; baseline -0.011 -10"><span class='ocrx_word' id='word_1_250' title='bbox 274 2012 415 2037; x_wconf 63' lang='lat' dir='ltr'>norum</span> <span class='ocrx_word' id='word_1_251' title='bbox 433 2029 443 2047; x_wconf 85' lang='lat'>,</span> <span class='ocrx_word' id='word_1_252' title='bbox 472 1997 521 2038; x_wconf 57' lang='grc' dir='ltr'>ὠ*</span> <span class='ocrx_word' id='word_1_253' title='bbox 550 2006 703 2034; x_wconf 82' lang='lat' dir='ltr'>terram.</span> <span class='ocrx_word' id='word_1_254' title='bbox 732 2007 904 2032; x_wconf 76' lang='lat' dir='ltr'>nomm.</span> 
     </span>
    </p>

    <p class='ocr_par' dir='ltr' id='par_1_9' title="bbox 269 2042 1377 2949">
     <span class='ocr_line' id='line_1_37' title="bbox 329 2042 1375 2101; baseline -0.009 -10"><span class='ocrx_word' id='word_1_255' title='bbox 329 2065 418 2091; x_wconf 83' lang='lat'>220.</span> <span class='ocrx_word' id='word_1_256' title='bbox 461 2050 549 2089; x_wconf 81' lang='lat' dir='ltr'>Alia</span> <span class='ocrx_word' id='word_1_257' title='bbox 595 2058 778 2101; x_wconf 83' lang='lat' dir='ltr'>praeterea</span> <span class='ocrx_word' id='word_1_258' title='bbox 824 2055 876 2084; x_wconf 84' lang='lat' dir='ltr'>est</span> <span class='ocrx_word' id='word_1_259' title='bbox 920 2044 1119 2097; x_wconf 85' lang='lat' dir='ltr'>prophetia.</span> <span class='ocrx_word' id='word_1_260' title='bbox 1163 2042 1375 2082; x_wconf 84' lang='lat' dir='ltr'>Ezechielis</span> 
     </span>
     <span class='ocr_line' id='line_1_38' title="bbox 269 2098 1375 2152; baseline -0.016 -7"><span class='ocrx_word' id='word_1_261' title='bbox 269 2103 413 2145; x_wconf 77' lang='lat' dir='ltr'>XLIII.</span> <span class='ocrx_word' id='word_1_262' title='bbox 443 2103 509 2141; x_wconf 89' lang='lat' dir='ltr'>ubi</span> <span class='ocrx_word' id='word_1_263' title='bbox 538 2101 731 2141; x_wconf 74' lang='lat' dir='ltr'>Ezechieli</span> <span class='ocrx_word' id='word_1_264' title='bbox 759 2100 986 2152; x_wconf 78' lang='lat' dir='ltr'>praecipitur</span> <span class='ocrx_word' id='word_1_265' title='bbox 1014 2098 1173 2144; x_wconf 86' lang='lat' dir='ltr'>modus,</span> <span class='ocrx_word' id='word_1_266' title='bbox 1216 2110 1292 2148; x_wconf 86' lang='lat' dir='ltr'>quo</span> <span class='ocrx_word' id='word_1_267' title='bbox 1319 2098 1375 2135; x_wconf 85' lang='lat' dir='ltr'>al.</span> 
     </span>
     <span class='ocr_line' id='line_1_39' title="bbox 271 2149 1376 2203; baseline -0.007 -7"><span class='ocrx_word' id='word_1_268' title='bbox 271 2168 352 2196; x_wconf 75' lang='lat' dir='ltr'>tare</span> <span class='ocrx_word' id='word_1_269' title='bbox 380 2157 553 2196; x_wconf 84' lang='lat' dir='ltr'>dedicare</span> <span class='ocrx_word' id='word_1_270' title='bbox 580 2154 740 2201; x_wconf 83' lang='lat' dir='ltr'>debeat,</span> <span class='ocrx_word' id='word_1_271' title='bbox 787 2154 826 2190; x_wconf 88' lang='lat' dir='ltr'>in</span> <span class='ocrx_word' id='word_1_272' title='bbox 854 2162 972 2203; x_wconf 85' lang='lat' dir='ltr'>eoque</span> <span class='ocrx_word' id='word_1_273' title='bbox 999 2149 1191 2188; x_wconf 84' lang='lat' dir='ltr'>sacrificia</span> <span class='ocrx_word' id='word_1_274' title='bbox 1217 2150 1376 2188; x_wconf 79' lang='lat' dir='ltr'>offerre:</span> 
     </span>
     <span class='ocr_line' id='line_1_40' title="bbox 271 2202 1376 2256; baseline -0.007 -8"><span class='ocrx_word' id='word_1_275' title='bbox 271 2211 356 2249; x_wconf 82' lang='lat' dir='ltr'>haec</span> <span class='ocrx_word' id='word_1_276' title='bbox 384 2219 509 2249; x_wconf 85' lang='lat' dir='ltr'>autem</span> <span class='ocrx_word' id='word_1_277' title='bbox 537 2221 606 2247; x_wconf 85' lang='lat' dir='ltr'>nec</span> <span class='ocrx_word' id='word_1_278' title='bbox 636 2209 676 2245; x_wconf 92' lang='lat' dir='ltr'>in</span> <span class='ocrx_word' id='word_1_279' title='bbox 704 2206 821 2243; x_wconf 87' lang='lat' dir='ltr'>veteri</span> <span class='ocrx_word' id='word_1_280' title='bbox 849 2212 997 2242; x_wconf 82' lang='lat' dir='ltr'>testam.</span> <span class='ocrx_word' id='word_1_281' title='bbox 1029 2202 1239 2256; x_wconf 86' lang='lat' dir='ltr'>adimpleta</span> <span class='ocrx_word' id='word_1_282' title='bbox 1265 2212 1376 2252; x_wconf 83' lang='lat' dir='ltr'>sunt,</span> 
     </span>
     <span class='ocr_line' id='line_1_41' title="bbox 272 2254 1376 2311; baseline -0.006 -9"><span class='ocrx_word' id='word_1_283' title='bbox 272 2276 340 2302; x_wconf 90' lang='lat' dir='ltr'>nec</span> <span class='ocrx_word' id='word_1_284' title='bbox 369 2266 407 2301; x_wconf 84' lang='lat' dir='ltr'>in</span> <span class='ocrx_word' id='word_1_285' title='bbox 436 2274 556 2307; x_wconf 83' lang='lat' dir='ltr'>nov03</span> <span class='ocrx_word' id='word_1_286' title='bbox 593 2259 790 2311; x_wconf 84' lang='lat' dir='ltr'>multoque</span> <span class='ocrx_word' id='word_1_287' title='bbox 816 2259 947 2296; x_wconf 86' lang='lat' dir='ltr'>minus</span> <span class='ocrx_word' id='word_1_288' title='bbox 975 2255 1024 2294; x_wconf 89' lang='lat' dir='ltr'>ab</span> <span class='ocrx_word' id='word_1_289' title='bbox 1052 2254 1251 2294; x_wconf 88' lang='lat' dir='ltr'>Ezechiele</span> <span class='ocrx_word' id='word_1_290' title='bbox 1269 2285 1279 2303; x_wconf 91' lang='lat'>,</span> <span class='ocrx_word' id='word_1_291' title='bbox 1308 2259 1376 2309; x_wconf 87' lang='lat' dir='ltr'>qui</span> 
     </span>
     <span class='ocr_line' id='line_1_42' title="bbox 271 2307 1376 2367; baseline -0.007 -12"><span class='ocrx_word' id='word_1_292' title='bbox 271 2319 313 2355; x_wconf 87' lang='lat' dir='ltr'>in</span> <span class='ocrx_word' id='word_1_293' title='bbox 340 2317 555 2367; x_wconf 79' lang='lat' dir='ltr'>captivitate</span> <span class='ocrx_word' id='word_1_294' title='bbox 573 2313 809 2365; x_wconf 80' lang='lat' dir='ltr'>Babylonica</span> <span class='ocrx_word' id='word_1_295' title='bbox 834 2319 1003 2350; x_wconf 85' lang='lat' dir='ltr'>mortuus</span> <span class='ocrx_word' id='word_1_296' title='bbox 1021 2307 1231 2347; x_wconf 84' lang='lat' dir='ltr'>Jerusalem</span> <span class='ocrx_word' id='word_1_297' title='bbox 1251 2322 1376 2347; x_wconf 89' lang='lat' dir='ltr'>rever-</span> 
     </span>
     <span class='ocr_line' id='line_1_43' title="bbox 271 2361 1376 2421; baseline -0.005 -14"><span class='ocrx_word' id='word_1_298' title='bbox 271 2371 301 2408; x_wconf 80' lang='lat' dir='ltr'>ti</span> <span class='ocrx_word' id='word_1_299' title='bbox 329 2382 403 2407; x_wconf 88' lang='lat' dir='ltr'>non</span> <span class='ocrx_word' id='word_1_300' title='bbox 433 2370 574 2421; x_wconf 88' lang='lat' dir='ltr'>potuit:</span> <span class='ocrx_word' id='word_1_301' title='bbox 603 2374 713 2405; x_wconf 85' lang='lat' dir='ltr'>restat</span> <span class='ocrx_word' id='word_1_302' title='bbox 741 2377 854 2417; x_wconf 80' lang='lat' dir='ltr'>ergo,</span> <span class='ocrx_word' id='word_1_303' title='bbox 882 2372 922 2401; x_wconf 88' lang='lat' dir='ltr'>ut</span> <span class='ocrx_word' id='word_1_304' title='bbox 949 2361 1034 2400; x_wconf 75' lang='lat' dir='ltr'>liaec</span> <span class='ocrx_word' id='word_1_305' title='bbox 1062 2363 1103 2399; x_wconf 91' lang='lat' dir='ltr'>in</span> <span class='ocrx_word' id='word_1_306' title='bbox 1130 2361 1209 2400; x_wconf 84' lang='lat' dir='ltr'>alio</span> <span class='ocrx_word' id='word_1_307' title='bbox 1236 2361 1376 2401; x_wconf 84' lang='lat' dir='ltr'>Christi</span> 
     </span>
     <span class='ocr_line' id='line_1_44' title="bbox 271 2413 1376 2474; baseline -0.007 -14"><span class='ocrx_word' id='word_1_308' title='bbox 271 2435 388 2473; x_wconf 80' lang='lat' dir='ltr'>regno</span> <span class='ocrx_word' id='word_1_309' title='bbox 416 2420 674 2474; x_wconf 84' lang='lat' dir='ltr'>impleantur.</span> <span class='ocrx_word' id='word_1_310' title='bbox 721 2417 851 2457; x_wconf 88' lang='lat' dir='ltr'>Etiam</span> <span class='ocrx_word' id='word_1_311' title='bbox 881 2431 967 2468; x_wconf 81' lang='lat' dir='ltr'>cap.</span> <span class='ocrx_word' id='word_1_312' title='bbox 996 2413 1185 2453; x_wconf 87' lang='lat' dir='ltr'>XXXVI.</span> <span class='ocrx_word' id='word_1_313' title='bbox 1220 2428 1280 2453; x_wconf 89' lang='lat'>11.</span> <span class='ocrx_word' id='word_1_314' title='bbox 1323 2416 1376 2456; x_wconf 78' lang='lat' dir='ltr'>ita</span> 
     </span>
     <span class='ocr_line' id='line_1_45' title="bbox 271 2468 1376 2525; baseline -0.006 -12"><span class='ocrx_word' id='word_1_315' title='bbox 271 2475 378 2515; x_wconf 88' lang='lat' dir='ltr'>Deus</span> <span class='ocrx_word' id='word_1_316' title='bbox 411 2487 475 2512; x_wconf 89' lang='lat' dir='ltr'>ore</span> <span class='ocrx_word' id='word_1_317' title='bbox 512 2473 711 2525; x_wconf 81' lang='lat' dir='ltr'>Prophetae</span> <span class='ocrx_word' id='word_1_318' title='bbox 751 2469 968 2510; x_wconf 82' lang='lat' dir='ltr'>consolatur</span> <span class='ocrx_word' id='word_1_319' title='bbox 1006 2469 1174 2520; x_wconf 85' lang='lat' dir='ltr'>captivos</span> <span class='ocrx_word' id='word_1_320' title='bbox 1201 2468 1376 2507; x_wconf 82' lang='lat' dir='ltr'>Judaeos:</span> 
     </span>
     <span class='ocr_line' id='line_1_46' title="bbox 274 2518 1377 2579; baseline -0.005 -14"><span class='ocrx_word' id='word_1_321' title='bbox 274 2528 454 2579; x_wconf 82' lang='lat' dir='ltr'>bonisque</span> <span class='ocrx_word' id='word_1_322' title='bbox 483 2525 635 2565; x_wconf 79' lang='lat' dir='ltr'>donabo</span> <span class='ocrx_word' id='word_1_323' title='bbox 662 2524 905 2577; x_wconf 82' lang='lat' dir='ltr'>majoribus,</span> <span class='ocrx_word' id='word_1_324' title='bbox 949 2534 1071 2573; x_wconf 82' lang='lat' dir='ltr'>quam</span> <span class='ocrx_word' id='word_1_325' title='bbox 1098 2518 1285 2559; x_wconf 78' lang='lat' dir='ltr'>habuistis</span> <span class='ocrx_word' id='word_1_326' title='bbox 1326 2521 1377 2560; x_wconf 87' lang='lat' dir='ltr'>ab</span> 
     </span>
     <span class='ocr_line' id='line_1_47' title="bbox 274 2574 1375 2629; baseline -0.004 -11"><span class='ocrx_word' id='word_1_327' title='bbox 274 2586 384 2618; x_wconf 76' lang='lat' dir='ltr'>initio</span> <span class='ocrx_word' id='word_1_328' title='bbox 398 2595 414 2624; x_wconf 87' lang='lat'><em>;</em></span> <span class='ocrx_word' id='word_1_329' title='bbox 442 2588 479 2618; x_wconf 77' lang='lat' dir='ltr'>at</span> <span class='ocrx_word' id='word_1_330' title='bbox 506 2592 614 2627; x_wconf 73' lang='lat' dir='ltr'>vei-0,</span> <span class='ocrx_word' id='word_1_331' title='bbox 643 2588 684 2617; x_wconf 85' lang='lat' dir='ltr'>ut</span> <span class='ocrx_word' id='word_1_332' title='bbox 703 2579 743 2617; x_wconf 88' lang='lat' dir='ltr'>S.</span> <span class='ocrx_word' id='word_1_333' title='bbox 760 2579 1017 2629; x_wconf 86' lang='lat' dir='ltr'>Hieronymus</span> <span class='ocrx_word' id='word_1_334' title='bbox 1035 2574 1196 2612; x_wconf 83' lang='lat' dir='ltr'>advertit</span> <span class='ocrx_word' id='word_1_335' title='bbox 1215 2576 1254 2613; x_wconf 89' lang='lat' dir='ltr'>in</span> <span class='ocrx_word' id='word_1_336' title='bbox 1273 2574 1375 2614; x_wconf 84' lang='lat' dir='ltr'>hunc</span> 
     </span>
     <span class='ocr_line' id='line_1_48' title="bbox 274 2625 1374 2680; baseline -0.004 -10"><span class='ocrx_word' id='word_1_337' title='bbox 274 2633 404 2670; x_wconf 85' lang='lat' dir='ltr'>locum</span> <span class='ocrx_word' id='word_1_338' title='bbox 421 2661 432 2678; x_wconf 77' lang='lat'><strong>‚</strong></span> <span class='ocrx_word' id='word_1_339' title='bbox 461 2631 527 2669; x_wconf 82' lang='lat' dir='ltr'>snb</span> <span class='ocrx_word' id='word_1_340' title='bbox 548 2630 780 2670; x_wconf 82' lang='lat' dir='ltr'>zorobabele</span> <span class='ocrx_word' id='word_1_341' title='bbox 796 2661 807 2680; x_wconf 83' lang='lat'>,</span> <span class='ocrx_word' id='word_1_342' title='bbox 839 2631 933 2669; x_wconf 82' lang='lat' dir='ltr'>Ezra</span> <span class='ocrx_word' id='word_1_343' title='bbox 949 2657 960 2678; x_wconf 41' lang='grc' dir='ltr'><strong>ᾗ</strong></span> <span class='ocrx_word' id='word_1_344' title='bbox 991 2628 1024 2665; x_wconf 70' lang='grc'>8(</span> <span class='ocrx_word' id='word_1_345' title='bbox 1043 2625 1231 2672; x_wconf 78' lang='lat' dir='ltr'>Nehemia</span> <span class='ocrx_word' id='word_1_346' title='bbox 1260 2631 1374 2679; x_wconf 71' lang='lat' dir='ltr'>pauci</span> 
     </span>
     <span class='ocr_line' id='line_1_49' title="bbox 275 2680 1374 2737; baseline -0.005 -14"><span class='ocrx_word' id='word_1_347' title='bbox 275 2687 322 2723; x_wconf 83' lang='lat' dir='ltr'>de</span> <span class='ocrx_word' id='word_1_348' title='bbox 350 2684 490 2737; x_wconf 85' lang='lat' dir='ltr'>populo</span> <span class='ocrx_word' id='word_1_349' title='bbox 518 2686 558 2722; x_wconf 85' lang='lat' dir='ltr'>in</span> <span class='ocrx_word' id='word_1_350' title='bbox 577 2684 807 2724; x_wconf 86' lang='lat' dir='ltr'>Palestinam</span> <span class='ocrx_word' id='word_1_351' title='bbox 835 2683 980 2722; x_wconf 83' lang='lat' dir='ltr'>reducti</span> <span class='ocrx_word' id='word_1_352' title='bbox 1007 2690 1116 2727; x_wconf 81' lang='lat' dir='ltr'>sunt3</span> <span class='ocrx_word' id='word_1_353' title='bbox 1144 2680 1178 2718; x_wconf 74' lang='grc' dir='ltr'><strong>ἃ</strong></span> <span class='ocrx_word' id='word_1_354' title='bbox 1199 2682 1271 2733; x_wconf 89' lang='lat' dir='ltr'>ipsi</span> <span class='ocrx_word' id='word_1_355' title='bbox 1290 2681 1374 2718; x_wconf 83' lang='lat' dir='ltr'>Me-</span> 
     </span>
     <span class='ocr_line' id='line_1_50' title="bbox 275 2733 1374 2788; baseline -0.005 -12"><span class='ocrx_word' id='word_1_356' title='bbox 275 2739 360 2787; x_wconf 79' lang='lat' dir='ltr'>dis,</span> <span class='ocrx_word' id='word_1_357' title='bbox 402 2753 447 2775; x_wconf 83' lang='lat' dir='ltr'>ac</span> <span class='ocrx_word' id='word_1_358' title='bbox 474 2736 620 2784; x_wconf 80' lang='lat' dir='ltr'>Persis,</span> <span class='ocrx_word' id='word_1_359' title='bbox 663 2737 696 2773; x_wconf 70' lang='grc'>8(</span> <span class='ocrx_word' id='word_1_360' title='bbox 723 2739 897 2788; x_wconf 78' lang='lat' dir='ltr'>deinceps</span> <span class='ocrx_word' id='word_1_361' title='bbox 926 2733 1227 2782; x_wconf 82' lang='lat' dir='ltr'>Macedonibus,</span> <span class='ocrx_word' id='word_1_362' title='bbox 1263 2734 1374 2787; x_wconf 80' lang='lat' dir='ltr'>AEgy-</span> 
     </span>
     <span class='ocr_line' id='line_1_51' title="bbox 275 2786 1374 2843; baseline -0.003 -14"><span class='ocrx_word' id='word_1_363' title='bbox 275 2793 393 2843; x_wconf 78' lang='lat' dir='ltr'>ptiis,</span> <span class='ocrx_word' id='word_1_364' title='bbox 433 2798 546 2842; x_wconf 84' lang='lat' dir='ltr'>atque</span> <span class='ocrx_word' id='word_1_365' title='bbox 577 2789 755 2829; x_wconf 86' lang='lat' dir='ltr'>Romanis</span> <span class='ocrx_word' id='word_1_366' title='bbox 784 2804 901 2842; x_wconf 87' lang='lat' dir='ltr'>usque</span> <span class='ocrx_word' id='word_1_367' title='bbox 931 2790 977 2828; x_wconf 88' lang='lat' dir='ltr'>ad</span> <span class='ocrx_word' id='word_1_368' title='bbox 1006 2788 1139 2826; x_wconf 85' lang='lat' dir='ltr'>Titum</span> <span class='ocrx_word' id='word_1_369' title='bbox 1168 2788 1202 2824; x_wconf 75' lang='grc' dir='ltr'>δι</span> <span class='ocrx_word' id='word_1_370' title='bbox 1232 2786 1374 2839; x_wconf 80' lang='lat' dir='ltr'>Vespa-</span> 
     </span>
     <span class='ocr_line' id='line_1_52' title="bbox 277 2840 1376 2894; baseline -0.004 -13"><span class='ocrx_word' id='word_1_371' title='bbox 277 2846 427 2882; x_wconf 81' lang='lat' dir='ltr'>sianum</span> <span class='ocrx_word' id='word_1_372' title='bbox 456 2844 689 2888; x_wconf 78' lang='lat' dir='ltr'>serviernnt3</span> <span class='ocrx_word' id='word_1_373' title='bbox 718 2852 757 2880; x_wconf 90' lang='lat' dir='ltr'>ut</span> <span class='ocrx_word' id='word_1_374' title='bbox 786 2843 924 2881; x_wconf 78' lang='lat' dir='ltr'>falsum</span> <span class='ocrx_word' id='word_1_375' title='bbox 953 2844 1024 2889; x_wconf 86' lang='lat' dir='ltr'>sit,</span> <span class='ocrx_word' id='word_1_376' title='bbox 1058 2840 1159 2894; x_wconf 88' lang='lat' dir='ltr'>quod</span> <span class='ocrx_word' id='word_1_377' title='bbox 1187 2842 1229 2879; x_wconf 90' lang='lat' dir='ltr'>in</span> <span class='ocrx_word' id='word_1_378' title='bbox 1256 2849 1376 2877; x_wconf 83' lang='lat' dir='ltr'>extre-</span> 
     </span>
     <span class='ocr_line' id='line_1_53' title="bbox 279 2893 1377 2949; baseline -0.003 -15"><span class='ocrx_word' id='word_1_379' title='bbox 279 2911 342 2934; x_wconf 80' lang='lat' dir='ltr'>ma</span> <span class='ocrx_word' id='word_1_380' title='bbox 369 2895 577 2949; x_wconf 76' lang='lat' dir='ltr'>prophetiae</span> <span class='ocrx_word' id='word_1_381' title='bbox 606 2905 711 2949; x_wconf 84' lang='lat' dir='ltr'>parte</span> <span class='ocrx_word' id='word_1_382' title='bbox 731 2896 891 2934; x_wconf 86' lang='lat' dir='ltr'>dicitur:</span> <span class='ocrx_word' id='word_1_383' title='bbox 919 2896 970 2937; x_wconf 65' lang='lat' dir='ltr'>(J</span> <span class='ocrx_word' id='word_1_384' title='bbox 989 2893 1232 2946; x_wconf 83' lang='lat' dir='ltr'>opprobrium</span> <span class='ocrx_word' id='word_1_385' title='bbox 1258 2907 1377 2946; x_wconf 64' lang='lat' dir='ltr'>popue</span> 
     </span>
    </p>
   </div>
   <div class='ocr_carea' id='block_1_7' title="bbox 280 3029 1385 3351">
    <p class='ocr_par' dir='ltr' id='par_1_10' title="bbox 280 3029 1385 3351">
     <span class='ocr_line' id='line_1_54' title="bbox 282 3029 1381 3077; baseline -0.002 -13"><span class='ocrx_word' id='word_1_386' title='bbox 282 3042 357 3075; x_wconf 73' lang='lat' dir='ltr'>cap.</span> <span class='ocrx_word' id='word_1_387' title='bbox 384 3030 438 3064; x_wconf 79' lang='lat'>25.</span> <span class='ocrx_word' id='word_1_388' title='bbox 465 3033 495 3063; x_wconf 84' lang='lat'>&amp;</span> <span class='ocrx_word' id='word_1_389' title='bbox 520 3043 560 3065; x_wconf 78' lang='lat' dir='ltr'>ex</span> <span class='ocrx_word' id='word_1_390' title='bbox 586 3032 661 3077; x_wconf 81' lang='lat' dir='ltr'>ipso</span> <span class='ocrx_word' id='word_1_391' title='bbox 674 3032 829 3067; x_wconf 81' lang='lat' dir='ltr'>Damaso</span> <span class='ocrx_word' id='word_1_392' title='bbox 854 3030 944 3075; x_wconf 82' lang='lat' dir='ltr'>apud</span> <span class='ocrx_word' id='word_1_393' title='bbox 965 3029 1221 3066; x_wconf 74' lang='lat' dir='ltr'>Theodoretum</span> <span class='ocrx_word' id='word_1_394' title='bbox 1242 3029 1318 3064; x_wconf 82' lang='lat' dir='ltr'>Lib.</span> <span class='ocrx_word' id='word_1_395' title='bbox 1336 3030 1381 3063; x_wconf 92' lang='lat' dir='ltr'>V.</span> 
     </span>
     <span class='ocr_line' id='line_1_55' title="bbox 283 3077 1383 3123; baseline -0.001 -14"><span class='ocrx_word' id='word_1_396' title='bbox 283 3077 420 3109; x_wconf 73' lang='lat' dir='ltr'>Histor.</span> <span class='ocrx_word' id='word_1_397' title='bbox 438 3077 651 3112; x_wconf 80' lang='lat' dir='ltr'>Ecclesiast.</span> <span class='ocrx_word' id='word_1_398' title='bbox 678 3091 752 3123; x_wconf 86' lang='lat' dir='ltr'>cap.</span> <span class='ocrx_word' id='word_1_399' title='bbox 784 3085 859 3120; x_wconf 82' lang='lat'>10.)</span> <span class='ocrx_word' id='word_1_400' title='bbox 885 3079 1075 3111; x_wconf 77' lang='lat' dir='ltr'>Millenarii</span> <span class='ocrx_word' id='word_1_401' title='bbox 1105 3079 1200 3122; x_wconf 83' lang='lat' dir='ltr'>regni</span> <span class='ocrx_word' id='word_1_402' title='bbox 1229 3078 1383 3111; x_wconf 73' lang='lat' dir='ltr'>fabulam</span> 
     </span>
     <span class='ocr_line' id='line_1_56' title="bbox 284 3122 1382 3169; baseline 0.001 -16"><span class='ocrx_word' id='word_1_403' title='bbox 284 3122 455 3166; x_wconf 84' lang='lat' dir='ltr'>imprimis</span> <span class='ocrx_word' id='word_1_404' title='bbox 481 3122 684 3164; x_wconf 75' lang='lat' dir='ltr'>damnasse,</span> <span class='ocrx_word' id='word_1_405' title='bbox 717 3137 861 3169; x_wconf 84' lang='lat' dir='ltr'>eamque</span> <span class='ocrx_word' id='word_1_406' title='bbox 888 3125 922 3157; x_wconf 88' lang='lat' dir='ltr'>in</span> <span class='ocrx_word' id='word_1_407' title='bbox 947 3134 1126 3169; x_wconf 76' lang='lat' dir='ltr'>posterum</span> <span class='ocrx_word' id='word_1_408' title='bbox 1153 3125 1382 3159; x_wconf 73' lang='lat' dir='ltr'>conti-:uisse-</span> 
     </span>
     <span class='ocr_line' id='line_1_57' title="bbox 282 3169 1384 3215; baseline -0.001 -13"><span class='ocrx_word' id='word_1_409' title='bbox 282 3169 356 3202; x_wconf 83' lang='lat' dir='ltr'>Hoc</span> <span class='ocrx_word' id='word_1_410' title='bbox 394 3176 511 3201; x_wconf 79' lang='lat' dir='ltr'>tamen</span> <span class='ocrx_word' id='word_1_411' title='bbox 547 3169 683 3202; x_wconf 80' lang='lat' dir='ltr'>difficile</span> <span class='ocrx_word' id='word_1_412' title='bbox 719 3169 852 3204; x_wconf 84' lang='lat' dir='ltr'>creditu</span> <span class='ocrx_word' id='word_1_413' title='bbox 888 3180 963 3211; x_wconf 83' lang='lat' dir='ltr'>est,</span> <span class='ocrx_word' id='word_1_414' title='bbox 998 3183 1041 3203; x_wconf 80' lang='lat' dir='ltr'>ex</span> <span class='ocrx_word' id='word_1_415' title='bbox 1077 3183 1116 3204; x_wconf 69' lang='lat' dir='ltr'>eo</span> <span class='ocrx_word' id='word_1_416' title='bbox 1139 3171 1384 3215; x_wconf 78' lang='lat' dir='ltr'>potissimum,</span> 
     </span>
     <span class='ocr_line' id='line_1_58' title="bbox 280 3212 1382 3258; baseline 0 -11"><span class='ocrx_word' id='word_1_417' title='bbox 280 3212 372 3258; x_wconf 77' lang='lat' dir='ltr'>quod</span> <span class='ocrx_word' id='word_1_418' title='bbox 399 3215 433 3246; x_wconf 86' lang='lat'>5.</span> <span class='ocrx_word' id='word_1_419' title='bbox 460 3214 691 3257; x_wconf 81' lang='lat' dir='ltr'>Hieronymus</span> <span class='ocrx_word' id='word_1_420' title='bbox 730 3216 765 3247; x_wconf 86' lang='lat' dir='ltr'>in</span> <span class='ocrx_word' id='word_1_421' title='bbox 791 3219 860 3249; x_wconf 87' lang='lat' dir='ltr'>snis</span> <span class='ocrx_word' id='word_1_422' title='bbox 887 3218 1080 3249; x_wconf 73' lang='lat' dir='ltr'>Comment.</span> <span class='ocrx_word' id='word_1_423' title='bbox 1120 3218 1156 3250; x_wconf 88' lang='lat' dir='ltr'>in</span> <span class='ocrx_word' id='word_1_424' title='bbox 1182 3217 1307 3250; x_wconf 59' lang='lat' dir='ltr'>isaiam</span> <span class='ocrx_word' id='word_1_425' title='bbox 1332 3215 1382 3247; x_wconf 84' lang='lat' dir='ltr'>sa-</span> 
     </span>
     <span class='ocr_line' id='line_1_59' title="bbox 281 3260 1385 3305; baseline 0.003 -14"><span class='ocrx_word' id='word_1_426' title='bbox 281 3268 422 3299; x_wconf 77' lang='lat' dir='ltr'>teatur,</span> <span class='ocrx_word' id='word_1_427' title='bbox 447 3260 662 3303; x_wconf 80' lang='lat' dir='ltr'>Apollinario</span> <span class='ocrx_word' id='word_1_428' title='bbox 682 3261 718 3293; x_wconf 82' lang='lat' dir='ltr'>in</span> <span class='ocrx_word' id='word_1_429' title='bbox 741 3260 806 3293; x_wconf 78' lang='lat' dir='ltr'>hac</span> <span class='ocrx_word' id='word_1_430' title='bbox 832 3270 929 3305; x_wconf 81' lang='lat' dir='ltr'>parte</span> <span class='ocrx_word' id='word_1_431' title='bbox 955 3262 1139 3297; x_wconf 68' lang='lat' dir='ltr'>dumtaxat</span> <span class='ocrx_word' id='word_1_432' title='bbox 1158 3262 1199 3295; x_wconf 90' lang='lat' dir='ltr'>de</span> <span class='ocrx_word' id='word_1_433' title='bbox 1224 3264 1385 3295; x_wconf 58' lang='lat' dir='ltr'>misena-</span> 
     </span>
     <span class='ocr_line' id='line_1_60' title="bbox 281 3306 1384 3351; baseline 0.005 -15"><span class='ocrx_word' id='word_1_434' title='bbox 281 3306 336 3338; x_wconf 69' lang='lat' dir='ltr'>rio</span> <span class='ocrx_word' id='word_1_435' title='bbox 353 3315 459 3348; x_wconf 76' lang='lat' dir='ltr'>regno</span> <span class='ocrx_word' id='word_1_436' title='bbox 474 3306 735 3339; x_wconf 79' lang='lat' dir='ltr'>Catholicorum</span> <span class='ocrx_word' id='word_1_437' title='bbox 753 3307 869 3351; x_wconf 82' lang='lat' dir='ltr'>plures</span> <span class='ocrx_word' id='word_1_438' title='bbox 884 3310 1111 3342; x_wconf 77' lang='lat' dir='ltr'>consensisse·</span> <span class='ocrx_word' id='word_1_439' title='bbox 1139 3310 1229 3343; x_wconf 85' lang='lat' dir='ltr'>Cum</span> <span class='ocrx_word' id='word_1_440' title='bbox 1247 3318 1361 3342; x_wconf 77' lang='lat' dir='ltr'>autem</span> <span class='ocrx_word' id='word_1_441' title='bbox 1372 3326 1384 3349; x_wconf 85' lang='lat'><em>,</em></span> 
     </span>
    </p>
   </div>
   <div class='ocr_carea' id='block_1_8' title="bbox 1027 104 1935 154">
    <p class='ocr_par' dir='ltr' id='par_1_11' title="bbox 1027 104 1935 154">
     <span class='ocr_line' id='line_1_61' title="bbox 1027 104 1935 154; baseline -0.006 0"><span class='ocrx_word' id='word_1_442' title='bbox 1027 104 1429 154; x_wconf 66' lang='lat' dir='ltr'>DissERTATto&#39;</span> <span class='ocrx_word' id='word_1_443' title='bbox 1452 109 1529 153; x_wconf 79' lang='grc' dir='ltr'>ΠΙ.</span> <span class='ocrx_word' id='word_1_444' title='bbox 1562 108 1690 153; x_wconf 77' lang='lat' dir='ltr'>CAP.</span> <span class='ocrx_word' id='word_1_445' title='bbox 1715 105 1793 154; x_wconf 78' lang='lat' dir='ltr'>XI.</span> <span class='ocrx_word' id='word_1_446' title='bbox 1915 106 1935 124; x_wconf 60' lang='grc' dir='ltr'>Ξ</span> 
     </span>
    </p>
   </div>
   <div class='ocr_carea' id='block_1_9' title="bbox 1431 185 2553 2982">
    <p class='ocr_par' dir='ltr' id='par_1_12' title="bbox 1436 185 2537 293">
     <span class='ocr_line' id='line_1_62' title="bbox 1436 185 2537 241; baseline 0.002 -14"><span class='ocrx_word' id='word_1_447' title='bbox 1436 189 1564 227; x_wconf 80' lang='lat' dir='ltr'>lorum</span> <span class='ocrx_word' id='word_1_448' title='bbox 1592 202 1674 226; x_wconf 81' lang='lat' dir='ltr'>non</span> <span class='ocrx_word' id='word_1_449' title='bbox 1702 185 1872 238; x_wconf 78' lang='lat' dir='ltr'>portabis</span> <span class='ocrx_word' id='word_1_450' title='bbox 1889 214 1900 236; x_wconf 81' lang='lat'>,</span> <span class='ocrx_word' id='word_1_451' title='bbox 1929 187 1979 229; x_wconf 58' lang='grc' dir='ltr'>ὅ)</span> <span class='ocrx_word' id='word_1_452' title='bbox 1996 191 2155 241; x_wconf 70' lang='lat' dir='ltr'>gentem</span> <span class='ocrx_word' id='word_1_453' title='bbox 2179 196 2297 226; x_wconf 80' lang='lat' dir='ltr'>tuam</span> <span class='ocrx_word' id='word_1_454' title='bbox 2314 189 2395 227; x_wconf 81' lang='lat' dir='ltr'>non</span> <span class='ocrx_word' id='word_1_455' title='bbox 2422 193 2537 229; x_wconf 73' lang='lat' dir='ltr'>amit&lt;</span> 
     </span>
     <span class='ocr_line' id='line_1_63' title="bbox 1437 243 2116 293; baseline -0.01 -12"><span class='ocrx_word' id='word_1_456' title='bbox 1437 251 1495 281; x_wconf 83' lang='lat' dir='ltr'>tes</span> <span class='ocrx_word' id='word_1_457' title='bbox 1523 243 1721 293; x_wconf 82' lang='lat' dir='ltr'>amplius.</span> <span class='ocrx_word' id='word_1_458' title='bbox 2113 272 2116 274; x_wconf 90' lang='grc'><em>,</em></span> 
     </span>
    </p>

    <p class='ocr_par' dir='ltr' id='par_1_13' title="bbox 1431 291 2551 1922">
     <span class='ocr_line' id='line_1_64' title="bbox 1494 291 2540 347; baseline 0.001 -13"><span class='ocrx_word' id='word_1_459' title='bbox 1494 309 1586 334; x_wconf 81' lang='lat'>221.</span> <span class='ocrx_word' id='word_1_460' title='bbox 1617 294 1727 346; x_wconf 76' lang='lat' dir='ltr'>Hesp.</span> <span class='ocrx_word' id='word_1_461' title='bbox 1768 304 1856 331; x_wconf 85' lang='lat' dir='ltr'>cum</span> <span class='ocrx_word' id='word_1_462' title='bbox 1886 291 1928 333; x_wconf 88' lang='lat' dir='ltr'>S.</span> <span class='ocrx_word' id='word_1_463' title='bbox 1970 295 2205 347; x_wconf 81' lang='lat' dir='ltr'>Hieronymo</span> <span class='ocrx_word' id='word_1_464' title='bbox 2244 297 2458 333; x_wconf 76' lang='lat' dir='ltr'>Comment.</span> <span class='ocrx_word' id='word_1_465' title='bbox 2500 297 2540 335; x_wconf 77' lang='lat' dir='ltr'>iri</span> 
     </span>
     <span class='ocr_line' id='line_1_65' title="bbox 1436 346 2539 401; baseline -0.003 -14"><span class='ocrx_word' id='word_1_466' title='bbox 1436 361 1522 401; x_wconf 85' lang='lat' dir='ltr'>cap.</span> <span class='ocrx_word' id='word_1_467' title='bbox 1550 346 1620 386; x_wconf 84' lang='lat' dir='ltr'>XI.</span> <span class='ocrx_word' id='word_1_468' title='bbox 1650 348 1757 385; x_wconf 80' lang='lat' dir='ltr'>Isaiae</span> <span class='ocrx_word' id='word_1_469' title='bbox 1779 376 1791 394; x_wconf 86' lang='lat'>,</span> <span class='ocrx_word' id='word_1_470' title='bbox 1833 360 1910 386; x_wconf 88' lang='lat' dir='ltr'>non</span> <span class='ocrx_word' id='word_1_471' title='bbox 1937 358 2014 386; x_wconf 80' lang='lat' dir='ltr'>esse</span> <span class='ocrx_word' id='word_1_472' title='bbox 2042 347 2126 385; x_wconf 79' lang='lat' dir='ltr'>haec</span> <span class='ocrx_word' id='word_1_473' title='bbox 2155 348 2324 397; x_wconf 82' lang='lat' dir='ltr'>literali,</span> <span class='ocrx_word' id='word_1_474' title='bbox 2359 348 2423 386; x_wconf 87' lang='lat' dir='ltr'>sed</span> <span class='ocrx_word' id='word_1_475' title='bbox 2452 358 2539 400; x_wconf 83' lang='lat' dir='ltr'>my-</span> 
     </span>
     <span class='ocr_line' id='line_1_66' title="bbox 1437 399 2540 452; baseline -0.001 -14"><span class='ocrx_word' id='word_1_476' title='bbox 1437 403 1529 438; x_wconf 87' lang='lat' dir='ltr'>stico</span> <span class='ocrx_word' id='word_1_477' title='bbox 1546 431 1556 449; x_wconf 94' lang='lat'>,</span> <span class='ocrx_word' id='word_1_478' title='bbox 1601 401 1634 437; x_wconf 70' lang='grc' dir='ltr'>δε</span> <span class='ocrx_word' id='word_1_479' title='bbox 1658 399 1852 451; x_wconf 83' lang='lat' dir='ltr'>spirituali</span> <span class='ocrx_word' id='word_1_480' title='bbox 1876 411 1987 438; x_wconf 83' lang='lat' dir='ltr'>sensu</span> <span class='ocrx_word' id='word_1_481' title='bbox 2023 399 2271 452; x_wconf 78' lang='lat' dir='ltr'>intelligenda</span> <span class='ocrx_word' id='word_1_482' title='bbox 2288 430 2299 449; x_wconf 89' lang='lat'>,</span> <span class='ocrx_word' id='word_1_483' title='bbox 2343 403 2415 439; x_wconf 90' lang='lat' dir='ltr'>nisi</span> <span class='ocrx_word' id='word_1_484' title='bbox 2444 402 2540 440; x_wconf 79' lang='lat' dir='ltr'>forte</span> 
     </span>
     <span class='ocr_line' id='line_1_67' title="bbox 1436 452 2541 505; baseline 0.002 -15"><span class='ocrx_word' id='word_1_485' title='bbox 1436 467 1525 491; x_wconf 85' lang='lat' dir='ltr'>cum</span> <span class='ocrx_word' id='word_1_486' title='bbox 1555 452 1734 491; x_wconf 83' lang='lat' dir='ltr'>fabulosis</span> <span class='ocrx_word' id='word_1_487' title='bbox 1762 454 1879 503; x_wconf 82' lang='lat' dir='ltr'>poetis</span> <span class='ocrx_word' id='word_1_488' title='bbox 1907 466 2067 492; x_wconf 84' lang='lat' dir='ltr'>aureum</span> <span class='ocrx_word' id='word_1_489' title='bbox 2095 454 2248 505; x_wconf 80' lang='lat' dir='ltr'>Saturni</span> <span class='ocrx_word' id='word_1_490' title='bbox 2274 458 2445 505; x_wconf 75' lang='lat' dir='ltr'>{regnum</span> <span class='ocrx_word' id='word_1_491' title='bbox 2473 468 2541 492; x_wconf 50' lang='lat' dir='ltr'>noe</span> 
     </span>
     <span class='ocr_line' id='line_1_68' title="bbox 1434 503 2543 557; baseline 0.003 -14"><span class='ocrx_word' id='word_1_492' title='bbox 1434 503 1495 543; x_wconf 78' lang='lat' dir='ltr'>bis</span> <span class='ocrx_word' id='word_1_493' title='bbox 1523 506 1697 557; x_wconf 87' lang='lat' dir='ltr'>polliceri</span> <span class='ocrx_word' id='word_1_494' title='bbox 1712 504 1874 544; x_wconf 80' lang='lat' dir='ltr'>velimus</span> <span class='ocrx_word' id='word_1_495' title='bbox 1891 533 1900 544; x_wconf 90' lang='lat'>.</span> <span class='ocrx_word' id='word_1_496' title='bbox 1932 503 1980 544; x_wconf 88' lang='lat' dir='ltr'>Et</span> <span class='ocrx_word' id='word_1_497' title='bbox 2007 515 2106 545; x_wconf 88' lang='lat' dir='ltr'>certe</span> <span class='ocrx_word' id='word_1_498' title='bbox 2125 521 2215 545; x_wconf 81' lang='lat' dir='ltr'>cuin</span> <span class='ocrx_word' id='word_1_499' title='bbox 2230 504 2543 546; x_wconf 83' lang='lat' dir='ltr'>Millenariorum</span> 
     </span>
     <span class='ocr_line' id='line_1_69' title="bbox 1437 558 2542 612; baseline 0.005 -18"><span class='ocrx_word' id='word_1_500' title='bbox 1437 558 1588 609; x_wconf 85' lang='lat' dir='ltr'>placitis</span> <span class='ocrx_word' id='word_1_501' title='bbox 1617 572 1658 594; x_wconf 84' lang='lat' dir='ltr'>ea</span> <span class='ocrx_word' id='word_1_502' title='bbox 1687 571 1827 609; x_wconf 82' lang='lat' dir='ltr'>parum</span> <span class='ocrx_word' id='word_1_503' title='bbox 1856 559 2070 608; x_wconf 69' lang='lat' dir='ltr'>cohaerent,</span> <span class='ocrx_word' id='word_1_504' title='bbox 2113 571 2202 612; x_wconf 77' lang='lat' dir='ltr'>quae</span> <span class='ocrx_word' id='word_1_505' title='bbox 2228 560 2269 597; x_wconf 76' lang='lat' dir='ltr'>&#39;in</span> <span class='ocrx_word' id='word_1_506' title='bbox 2297 559 2363 596; x_wconf 83' lang='lat' dir='ltr'>ob.</span> <span class='ocrx_word' id='word_1_507' title='bbox 2393 559 2475 597; x_wconf 89' lang='lat' dir='ltr'>Ioco</span> <span class='ocrx_word' id='word_1_508' title='bbox 2503 572 2542 599; x_wconf 75' lang='lat' dir='ltr'>v·</span> 
     </span>
     <span class='ocr_line' id='line_1_70' title="bbox 1439 609 2542 664; baseline 0.003 -16"><span class='ocrx_word' id='word_1_509' title='bbox 1439 609 1503 648; x_wconf 84' lang='lat'>18.</span> <span class='ocrx_word' id='word_1_510' title='bbox 1533 610 1647 647; x_wconf 83' lang='lat' dir='ltr'>Isaias</span> <span class='ocrx_word' id='word_1_511' title='bbox 1668 609 1802 648; x_wconf 84' lang='lat' dir='ltr'>habet:</span> <span class='ocrx_word' id='word_1_512' title='bbox 1830 612 2051 663; x_wconf 78' lang='lat' dir='ltr'>gaudebitis</span> <span class='ocrx_word' id='word_1_513' title='bbox 2068 643 2078 661; x_wconf 88' lang='lat'>‚</span> <span class='ocrx_word' id='word_1_514' title='bbox 2107 615 2156 653; x_wconf 54' lang='grc' dir='ltr'>Εἰ)</span> <span class='ocrx_word' id='word_1_515' title='bbox 2177 611 2403 650; x_wconf 70' lang='lat' dir='ltr'>exultabitis</span> <span class='ocrx_word' id='word_1_516' title='bbox 2420 622 2542 664; x_wconf 80' lang='lat' dir='ltr'>usque</span> 
     </span>
     <span class='ocr_line' id='line_1_71' title="bbox 1436 662 2542 718; baseline 0.005 -19"><span class='ocrx_word' id='word_1_517' title='bbox 1436 667 1478 699; x_wconf 84' lang='lat' dir='ltr'>in</span> <span class='ocrx_word' id='word_1_518' title='bbox 1506 667 1793 712; x_wconf 72' lang='lat' dir='ltr'>sempiternum</span> <span class='ocrx_word' id='word_1_519' title='bbox 1821 668 1865 701; x_wconf 82' lang='lat' dir='ltr'>in</span> <span class='ocrx_word' id='word_1_520' title='bbox 1894 664 1952 702; x_wconf 77' lang='lat' dir='ltr'>bis</span> <span class='ocrx_word' id='word_1_521' title='bbox 1979 662 2160 718; x_wconf 77' lang='lat' dir='ltr'>quoeego</span> <span class='ocrx_word' id='word_1_522' title='bbox 2189 679 2279 704; x_wconf 89' lang='lat' dir='ltr'>creo</span> <span class='ocrx_word' id='word_1_523' title='bbox 2296 690 2305 703; x_wconf 84' lang='lat'>.</span> <span class='ocrx_word' id='word_1_524' title='bbox 2337 663 2464 716; x_wconf 79' lang='lat' dir='ltr'>Hujus</span> <span class='ocrx_word' id='word_1_525' title='bbox 2480 679 2542 704; x_wconf 81' lang='lat' dir='ltr'>er-</span> 
     </span>
     <span class='ocr_line' id='line_1_72' title="bbox 1435 716 2543 770; baseline 0.004 -17"><span class='ocrx_word' id='word_1_526' title='bbox 1435 727 1481 766; x_wconf 84' lang='lat' dir='ltr'>go</span> <span class='ocrx_word' id='word_1_527' title='bbox 1508 717 1656 767; x_wconf 81' lang='lat' dir='ltr'>generis</span> <span class='ocrx_word' id='word_1_528' title='bbox 1683 717 1864 755; x_wconf 79' lang='lat' dir='ltr'>vaticinia</span> <span class='ocrx_word' id='word_1_529' title='bbox 1882 747 1892 764; x_wconf 91' lang='lat'><strong>‚</strong></span> <span class='ocrx_word' id='word_1_530' title='bbox 1929 732 2017 770; x_wconf 84' lang='lat' dir='ltr'>quae</span> <span class='ocrx_word' id='word_1_531' title='bbox 2047 726 2127 756; x_wconf 87' lang='lat' dir='ltr'>tum</span> <span class='ocrx_word' id='word_1_532' title='bbox 2156 721 2196 757; x_wconf 87' lang='lat' dir='ltr'>in</span> <span class='ocrx_word' id='word_1_533' title='bbox 2226 720 2348 767; x_wconf 71' lang='lat' dir='ltr'>isaia,</span> <span class='ocrx_word' id='word_1_534' title='bbox 2391 727 2472 757; x_wconf 88' lang='lat' dir='ltr'>tum</span> <span class='ocrx_word' id='word_1_535' title='bbox 2502 716 2543 758; x_wconf 69' lang='lat' dir='ltr'>iri</span> 
     </span>
     <span class='ocr_line' id='line_1_73' title="bbox 1435 768 2543 824; baseline 0.005 -19"><span class='ocrx_word' id='word_1_536' title='bbox 1435 768 1658 816; x_wconf 86' lang='lat' dir='ltr'>Ezechieie,</span> <span class='ocrx_word' id='word_1_537' title='bbox 1689 768 1849 821; x_wconf 87' lang='lat' dir='ltr'>aliisque</span> <span class='ocrx_word' id='word_1_538' title='bbox 1865 769 2057 822; x_wconf 81' lang='lat' dir='ltr'>Prophetis</span> <span class='ocrx_word' id='word_1_539' title='bbox 2071 772 2424 823; x_wconf 80' lang='lat' dir='ltr'>saepiusleguntur-‚</span> <span class='ocrx_word' id='word_1_540' title='bbox 2454 781 2543 824; x_wconf 82' lang='lat' dir='ltr'>par-</span> 
     </span>
     <span class='ocr_line' id='line_1_74' title="bbox 1434 821 2543 877; baseline 0.005 -19"><span class='ocrx_word' id='word_1_541' title='bbox 1434 823 1503 859; x_wconf 89' lang='lat' dir='ltr'>tim</span> <span class='ocrx_word' id='word_1_542' title='bbox 1533 821 1581 860; x_wconf 88' lang='lat' dir='ltr'>ad</span> <span class='ocrx_word' id='word_1_543' title='bbox 1607 821 1700 872; x_wconf 85' lang='lat' dir='ltr'>legis</span> <span class='ocrx_word' id='word_1_544' title='bbox 1729 822 1974 874; x_wconf 73' lang='lat' dir='ltr'>Evangelicae</span> <span class='ocrx_word' id='word_1_545' title='bbox 2003 833 2167 874; x_wconf 77' lang='lat' dir='ltr'>statum,</span> <span class='ocrx_word' id='word_1_546' title='bbox 2208 827 2347 877; x_wconf 84' lang='lat' dir='ltr'>partim</span> <span class='ocrx_word' id='word_1_547' title='bbox 2378 823 2425 862; x_wconf 76' lang='lat' dir='ltr'>ad</span> <span class='ocrx_word' id='word_1_548' title='bbox 2457 835 2543 864; x_wconf 53' lang='lat' dir='ltr'>wa</span> 
     </span>
     <span class='ocr_line' id='line_1_75' title="bbox 1433 873 2544 930; baseline 0.003 -19"><span class='ocrx_word' id='word_1_549' title='bbox 1433 873 1564 912; x_wconf 84' lang='lat' dir='ltr'>lestem</span> <span class='ocrx_word' id='word_1_550' title='bbox 1593 874 1806 913; x_wconf 78' lang='lat' dir='ltr'>Jerusalem</span> <span class='ocrx_word' id='word_1_551' title='bbox 1834 877 1968 914; x_wconf 84' lang='lat' dir='ltr'>referri</span> <span class='ocrx_word' id='word_1_552' title='bbox 1996 876 2132 914; x_wconf 85' lang='lat' dir='ltr'>debent</span> <span class='ocrx_word' id='word_1_553' title='bbox 2149 901 2160 914; x_wconf 85' lang='lat'>.</span> <span class='ocrx_word' id='word_1_554' title='bbox 2187 877 2236 914; x_wconf 89' lang='lat' dir='ltr'>Et</span> <span class='ocrx_word' id='word_1_555' title='bbox 2255 890 2298 916; x_wconf 85' lang='lat' dir='ltr'>ea</span> <span class='ocrx_word' id='word_1_556' title='bbox 2318 878 2544 930; x_wconf 75' lang='lat' dir='ltr'>praecipue,</span> 
     </span>
     <span class='ocr_line' id='line_1_76' title="bbox 1434 927 2543 983; baseline 0.003 -19"><span class='ocrx_word' id='word_1_557' title='bbox 1434 941 1521 978; x_wconf 78' lang='lat' dir='ltr'>quae</span> <span class='ocrx_word' id='word_1_558' title='bbox 1550 927 1596 963; x_wconf 90' lang='lat' dir='ltr'>de</span> <span class='ocrx_word' id='word_1_559' title='bbox 1626 936 1725 966; x_wconf 87' lang='lat' dir='ltr'>terra</span> <span class='ocrx_word' id='word_1_560' title='bbox 1753 941 1850 967; x_wconf 82' lang='lat' dir='ltr'>nova</span> <span class='ocrx_word' id='word_1_561' title='bbox 1867 959 1877 977; x_wconf 84' lang='lat'>‚</span> <span class='ocrx_word' id='word_1_562' title='bbox 1907 928 2092 982; x_wconf 84' lang='lat' dir='ltr'>coelisque</span> <span class='ocrx_word' id='word_1_563' title='bbox 2112 931 2219 968; x_wconf 86' lang='lat' dir='ltr'>novis</span> <span class='ocrx_word' id='word_1_564' title='bbox 2245 933 2543 983; x_wconf 86' lang='lat' dir='ltr'>promittuntur,</span> 
     </span>
     <span class='ocr_line' id='line_1_77' title="bbox 1434 980 2547 1035; baseline 0.004 -17"><span class='ocrx_word' id='word_1_565' title='bbox 1434 980 1645 1018; x_wconf 80' lang='lat' dir='ltr'>clarissime</span> <span class='ocrx_word' id='word_1_566' title='bbox 1674 996 1696 1018; x_wconf 87' lang='lat' dir='ltr'>a</span> <span class='ocrx_word' id='word_1_567' title='bbox 1724 981 1765 1020; x_wconf 91' lang='lat' dir='ltr'>S.</span> <span class='ocrx_word' id='word_1_568' title='bbox 1794 980 1902 1019; x_wconf 86' lang='lat' dir='ltr'>Petro</span> <span class='ocrx_word' id='word_1_569' title='bbox 1943 983 2183 1034; x_wconf 76' lang='lat' dir='ltr'>explicantur</span> <span class='ocrx_word' id='word_1_570' title='bbox 2209 983 2256 1021; x_wconf 88' lang='lat' dir='ltr'>de</span> <span class='ocrx_word' id='word_1_571' title='bbox 2292 981 2438 1021; x_wconf 83' lang='lat' dir='ltr'>coelesti</span> <span class='ocrx_word' id='word_1_572' title='bbox 2473 998 2547 1035; x_wconf 83' lang='lat' dir='ltr'>pa-</span> 
     </span>
     <span class='ocr_line' id='line_1_78' title="bbox 1434 1034 2546 1086; baseline 0.004 -16"><span class='ocrx_word' id='word_1_573' title='bbox 1434 1035 1532 1081; x_wconf 84' lang='lat' dir='ltr'>tria,</span> <span class='ocrx_word' id='word_1_574' title='bbox 1571 1034 1618 1071; x_wconf 80' lang='lat' dir='ltr'>ad</span> <span class='ocrx_word' id='word_1_575' title='bbox 1647 1034 1758 1084; x_wconf 79' lang='lat' dir='ltr'>cujus</span> <span class='ocrx_word' id='word_1_576' title='bbox 1786 1037 2113 1086; x_wconf 84' lang='lat' dir='ltr'>expectationem,</span> <span class='ocrx_word' id='word_1_577' title='bbox 2157 1036 2190 1072; x_wconf 72' lang='grc' dir='ltr'>δε</span> <span class='ocrx_word' id='word_1_578' title='bbox 2215 1036 2448 1074; x_wconf 35' lang='lat' dir='ltr'>*desiderium</span> <span class='ocrx_word' id='word_1_579' title='bbox 2477 1047 2546 1074; x_wconf 79' lang='lat' dir='ltr'>nos</span> 
     </span>
     <span class='ocr_line' id='line_1_79' title="bbox 1436 1085 2546 1142; baseline 0.004 -19"><span class='ocrx_word' id='word_1_580' title='bbox 1436 1085 1645 1136; x_wconf 79' lang='lat' dir='ltr'>excitabat,</span> <span class='ocrx_word' id='word_1_581' title='bbox 1687 1088 1816 1126; x_wconf 80' lang='lat' dir='ltr'>dicens</span> <span class='ocrx_word' id='word_1_582' title='bbox 1845 1089 1885 1126; x_wconf 88' lang='lat' dir='ltr'>in</span> <span class='ocrx_word' id='word_1_583' title='bbox 1914 1087 1997 1126; x_wconf 87' lang='lat' dir='ltr'>loco</span> <span class='ocrx_word' id='word_1_584' title='bbox 2025 1090 2092 1127; x_wconf 91' lang='lat' dir='ltr'>cit.</span> <span class='ocrx_word' id='word_1_585' title='bbox 2121 1100 2200 1127; x_wconf 79' lang='lat' dir='ltr'>snae</span> <span class='ocrx_word' id='word_1_586' title='bbox 2240 1092 2349 1142; x_wconf 80' lang='lat' dir='ltr'>epist.</span> <span class='ocrx_word' id='word_1_587' title='bbox 2388 1089 2546 1127; x_wconf 74' lang='lat' dir='ltr'>secund·</span> 
     </span>
     <span class='ocr_line' id='line_1_80' title="bbox 1436 1138 2546 1193; baseline 0 -14"><span class='ocrx_word' id='word_1_588' title='bbox 1436 1153 1531 1179; x_wconf 82' lang='lat' dir='ltr'>vers.</span> <span class='ocrx_word' id='word_1_589' title='bbox 1568 1152 1628 1178; x_wconf 85' lang='lat'>12.</span> <span class='ocrx_word' id='word_1_590' title='bbox 1666 1138 1700 1176; x_wconf 86' lang='lat'>&amp;</span> <span class='ocrx_word' id='word_1_591' title='bbox 1728 1153 1806 1193; x_wconf 85' lang='lat' dir='ltr'>seq.</span> <span class='ocrx_word' id='word_1_592' title='bbox 1842 1153 1935 1179; x_wconf 75' lang='lat' dir='ltr'>cuin</span> <span class='ocrx_word' id='word_1_593' title='bbox 1969 1144 2087 1193; x_wconf 74' lang='lat' dir='ltr'>igitur</span> <span class='ocrx_word' id='word_1_594' title='bbox 2116 1142 2199 1180; x_wconf 76' lang='lat' dir='ltr'>lzoec</span> <span class='ocrx_word' id='word_1_595' title='bbox 2242 1146 2380 1180; x_wconf 80' lang='lat' dir='ltr'>omnia</span> <span class='ocrx_word' id='word_1_596' title='bbox 2408 1141 2546 1180; x_wconf 73' lang='lat' dir='ltr'>dissol-</span> 
     </span>
     <span class='ocr_line' id='line_1_81' title="bbox 1438 1192 2545 1246; baseline 0 -14"><span class='ocrx_word' id='word_1_597' title='bbox 1438 1192 1565 1232; x_wconf 71' lang='lat' dir='ltr'>renda</span> <span class='ocrx_word' id='word_1_598' title='bbox 1592 1198 1697 1238; x_wconf 82' lang='lat' dir='ltr'>sint,·</span> <span class='ocrx_word' id='word_1_599' title='bbox 1742 1194 1880 1245; x_wconf 80' lang='lat' dir='ltr'>quales</span> <span class='ocrx_word' id='word_1_600' title='bbox 1907 1204 2058 1246; x_wconf 76' lang='lat' dir='ltr'>oportet</span> <span class='ocrx_word' id='word_1_601' title='bbox 2099 1208 2163 1233; x_wconf 58' lang='lat' dir='ltr'>eos</span> <span class='ocrx_word' id='word_1_602' title='bbox 2193 1207 2280 1234; x_wconf 83' lang='lat' dir='ltr'>esse</span> <span class='ocrx_word' id='word_1_603' title='bbox 2307 1199 2350 1233; x_wconf 85' lang='lat' dir='ltr'>in</span> <span class='ocrx_word' id='word_1_604' title='bbox 2392 1196 2545 1233; x_wconf 83' lang='lat' dir='ltr'>sanctis</span> 
     </span>
     <span class='ocr_line' id='line_1_82' title="bbox 1437 1246 2546 1299; baseline 0.003 -14"><span class='ocrx_word' id='word_1_605' title='bbox 1437 1246 1822 1296; x_wconf 58' lang='lat' dir='ltr'>conversationibus,</span> <span class='ocrx_word' id='word_1_606' title='bbox 1849 1248 1899 1287; x_wconf 68' lang='lat'>&lt;9¹</span> <span class='ocrx_word' id='word_1_607' title='bbox 1916 1247 2126 1297; x_wconf 82' lang='lat' dir='ltr'>pietatibus</span> <span class='ocrx_word' id='word_1_608' title='bbox 2142 1279 2152 1295; x_wconf 83' lang='lat'><strong>‚</strong></span> <span class='ocrx_word' id='word_1_609' title='bbox 2182 1256 2466 1299; x_wconf 75' lang='lat' dir='ltr'>expectantes,</span> <span class='ocrx_word' id='word_1_610' title='bbox 2494 1248 2546 1288; x_wconf 66' lang='lat'>&lt;9</span> 
     </span>
     <span class='ocr_line' id='line_1_83' title="bbox 1437 1299 2545 1353; baseline 0 -16"><span class='ocrx_word' id='word_1_611' title='bbox 1437 1310 1695 1352; x_wconf 65' lang='lat' dir='ltr'>properantes</span> <span class='ocrx_word' id='word_1_612' title='bbox 1723 1304 1764 1338; x_wconf 83' lang='lat' dir='ltr'>in</span> <span class='ocrx_word' id='word_1_613' title='bbox 1792 1299 2006 1339; x_wconf 59' lang='lat' dir='ltr'>adventum</span> <span class='ocrx_word' id='word_1_614' title='bbox 2025 1301 2102 1340; x_wconf 75' lang='lat' dir='ltr'>diet</span> <span class='ocrx_word' id='word_1_615' title='bbox 2121 1301 2314 1350; x_wconf 78' lang='lat' dir='ltr'>Domini,</span> <span class='ocrx_word' id='word_1_616' title='bbox 2343 1315 2412 1353; x_wconf 86' lang='lat' dir='ltr'>per</span> <span class='ocrx_word' id='word_1_617' title='bbox 2426 1312 2545 1351; x_wconf 84' lang='lat' dir='ltr'>quem.</span> 
     </span>
     <span class='ocr_line' id='line_1_84' title="bbox 1431 1352 2545 1406; baseline -0.002 -15"><span class='ocrx_word' id='word_1_618' title='bbox 1431 1355 1527 1392; x_wconf 75' lang='lat' dir='ltr'>caelt</span> <span class='ocrx_word' id='word_1_619' title='bbox 1554 1352 1740 1392; x_wconf 79' lang='lat' dir='ltr'>ardentes</span> <span class='ocrx_word' id='word_1_620' title='bbox 1769 1355 1964 1392; x_wconf 60' lang='lat' dir='ltr'>solventur</span> <span class='ocrx_word' id='word_1_621' title='bbox 1981 1383 1991 1402; x_wconf 85' lang='lat'>‚</span> <span class='ocrx_word' id='word_1_622' title='bbox 2033 1355 2084 1395; x_wconf 63' lang='grc' dir='ltr'>(ἴθ’</span> <span class='ocrx_word' id='word_1_623' title='bbox 2112 1355 2314 1393; x_wconf 82' lang='lat' dir='ltr'>elementa</span> <span class='ocrx_word' id='word_1_624' title='bbox 2345 1358 2449 1406; x_wconf 79' lang='lat' dir='ltr'>ignis</span> <span class='ocrx_word' id='word_1_625' title='bbox 2477 1364 2545 1390; x_wconf 68' lang='lat' dir='ltr'>ar-</span> 
     </span>
     <span class='ocr_line' id='line_1_85' title="bbox 1431 1404 2547 1460; baseline -0.002 -15"><span class='ocrx_word' id='word_1_626' title='bbox 1431 1406 1530 1445; x_wconf 82' lang='lat' dir='ltr'>·dore</span> <span class='ocrx_word' id='word_1_627' title='bbox 1557 1404 1798 1445; x_wconf 80' lang='lat' dir='ltr'>tabescent?</span> <span class='ocrx_word' id='word_1_628' title='bbox 1844 1407 1892 1445; x_wconf 92' lang='lat' dir='ltr'>Et</span> <span class='ocrx_word' id='word_1_629' title='bbox 1921 1421 2010 1460; x_wconf 81' lang='lat' dir='ltr'>quae</span> <span class='ocrx_word' id='word_1_630' title='bbox 2040 1407 2086 1446; x_wconf 85' lang='lat' dir='ltr'>de</span> <span class='ocrx_word' id='word_1_631' title='bbox 2115 1406 2313 1446; x_wconf 82' lang='lat' dir='ltr'>fructuum</span> <span class='ocrx_word' id='word_1_632' title='bbox 2348 1407 2547 1453; x_wconf 76' lang='lat' dir='ltr'>ubertate,</span> 
     </span>
     <span class='ocr_line' id='line_1_86' title="bbox 1436 1459 2547 1512; baseline -0.001 -14"><span class='ocrx_word' id='word_1_633' title='bbox 1436 1461 1601 1512; x_wconf 73' lang='lat' dir='ltr'>gaudie,</span> <span class='ocrx_word' id='word_1_634' title='bbox 1631 1472 1722 1511; x_wconf 84' lang='lat' dir='ltr'>pace</span> <span class='ocrx_word' id='word_1_635' title='bbox 1740 1490 1750 1509; x_wconf 89' lang='lat'>‚</span> <span class='ocrx_word' id='word_1_636' title='bbox 1779 1459 1954 1510; x_wconf 83' lang='lat' dir='ltr'>deliciis,</span> <span class='ocrx_word' id='word_1_637' title='bbox 1983 1461 2207 1509; x_wconf 86' lang='lat' dir='ltr'>sacrificiis,</span> <span class='ocrx_word' id='word_1_638' title='bbox 2237 1460 2272 1497; x_wconf 85' lang='lat'>&amp;</span> <span class='ocrx_word' id='word_1_639' title='bbox 2302 1472 2416 1512; x_wconf 86' lang='lat' dir='ltr'>regno</span> <span class='ocrx_word' id='word_1_640' title='bbox 2443 1461 2547 1497; x_wconf 78' lang='lat' dir='ltr'>dicta</span> 
     </span>
     <span class='ocr_line' id='line_1_87' title="bbox 1438 1512 2548 1562; baseline -0.001 -12"><span class='ocrx_word' id='word_1_641' title='bbox 1438 1523 1522 1551; x_wconf 85' lang='lat' dir='ltr'>sunt</span> <span class='ocrx_word' id='word_1_642' title='bbox 1551 1525 1624 1550; x_wconf 90' lang='lat' dir='ltr'>non</span> <span class='ocrx_word' id='word_1_643' title='bbox 1653 1513 1855 1551; x_wconf 80' lang='lat' dir='ltr'>carnaliter</span> <span class='ocrx_word' id='word_1_644' title='bbox 1883 1527 1972 1551; x_wconf 87' lang='lat' dir='ltr'>cum</span> <span class='ocrx_word' id='word_1_645' title='bbox 1991 1514 2162 1562; x_wconf 78' lang='lat' dir='ltr'>Judaeis,</span> <span class='ocrx_word' id='word_1_646' title='bbox 2192 1515 2255 1551; x_wconf 84' lang='lat' dir='ltr'>sed</span> <span class='ocrx_word' id='word_1_647' title='bbox 2275 1528 2289 1552; x_wconf 87' lang='lat' dir='ltr'>s</span> <span class='ocrx_word' id='word_1_648' title='bbox 2322 1512 2548 1559; x_wconf 86' lang='lat' dir='ltr'>iritualiter,</span> 
     </span>
     <span class='ocr_line' id='line_1_88' title="bbox 1438 1529 2550 1618; baseline -0.002 -14"><span class='ocrx_word' id='word_1_649' title='bbox 1438 1566 1472 1603; x_wconf 73' lang='lat'>8&lt;</span> <span class='ocrx_word' id='word_1_650' title='bbox 1503 1567 1661 1618; x_wconf 86' lang='lat' dir='ltr'>mystice</span> <span class='ocrx_word' id='word_1_651' title='bbox 1691 1564 1851 1617; x_wconf 79' lang='lat' dir='ltr'>intelligi</span> <span class='ocrx_word' id='word_1_652' title='bbox 1871 1576 2040 1618; x_wconf 84' lang='lat' dir='ltr'>oportet.</span> <span class='ocrx_word' id='word_1_653' title='bbox 2070 1529 2460 1615; x_wconf 47' lang='lat' dir='ltr'>Multiplicalbuntur,</span> <span class='ocrx_word' id='word_1_654' title='bbox 2489 1564 2550 1602; x_wconf 90' lang='lat' dir='ltr'>in-</span> 
     </span>
     <span class='ocr_line' id='line_1_89' title="bbox 1433 1617 2548 1671; baseline -0.003 -14"><span class='ocrx_word' id='word_1_655' title='bbox 1433 1619 1522 1671; x_wconf 70' lang='lat' dir='ltr'>quit</span> <span class='ocrx_word' id='word_1_656' title='bbox 1563 1619 1605 1657; x_wconf 86' lang='lat' dir='ltr'>S.</span> <span class='ocrx_word' id='word_1_657' title='bbox 1636 1618 1894 1671; x_wconf 76' lang='lat' dir='ltr'>Hieronymus</span> <span class='ocrx_word' id='word_1_658' title='bbox 1935 1618 2130 1669; x_wconf 74' lang='lat' dir='ltr'>explicans</span> <span class='ocrx_word' id='word_1_659' title='bbox 2171 1620 2300 1657; x_wconf 81' lang='lat' dir='ltr'>locum</span> <span class='ocrx_word' id='word_1_660' title='bbox 2337 1617 2548 1657; x_wconf 77' lang='lat' dir='ltr'>Ezechielis</span> 
     </span>
     <span class='ocr_line' id='line_1_90' title="bbox 1437 1669 2548 1722; baseline -0.004 -12"><span class='ocrx_word' id='word_1_661' title='bbox 1437 1671 1630 1710; x_wconf 89' lang='lat' dir='ltr'>XXXVI.</span> <span class='ocrx_word' id='word_1_662' title='bbox 1654 1685 1668 1710; x_wconf 85' lang='lat'>1</span> <span class='ocrx_word' id='word_1_663' title='bbox 1684 1685 1716 1709; x_wconf 85' lang='grc'>1.</span> <span class='ocrx_word' id='word_1_664' title='bbox 1746 1682 1865 1722; x_wconf 79' lang='lat' dir='ltr'>atque</span> <span class='ocrx_word' id='word_1_665' title='bbox 1892 1681 2168 1720; x_wconf 77' lang='lat' dir='ltr'>succrescent,</span> <span class='ocrx_word' id='word_1_666' title='bbox 2198 1673 2248 1712; x_wconf 72' lang='lat'>(90</span> <span class='ocrx_word' id='word_1_667' title='bbox 2268 1669 2548 1712; x_wconf 78' lang='lat' dir='ltr'>habitabuntur</span> 
     </span>
     <span class='ocr_line' id='line_1_91' title="bbox 1438 1724 2549 1775; baseline 0.001 -15"><span class='ocrx_word' id='word_1_668' title='bbox 1438 1724 1664 1771; x_wconf 60' lang='lat' dir='ltr'>Ecclesiae,</span> <span class='ocrx_word' id='word_1_669' title='bbox 1691 1727 1792 1760; x_wconf 82' lang='lat' dir='ltr'>sicut</span> <span class='ocrx_word' id='word_1_670' title='bbox 1820 1737 1848 1761; x_wconf 87' lang='lat' dir='ltr'>a</span> <span class='ocrx_word' id='word_1_671' title='bbox 1876 1728 2063 1774; x_wconf 80' lang='lat' dir='ltr'>principio</span> <span class='ocrx_word' id='word_1_672' title='bbox 2080 1755 2090 1772; x_wconf 89' lang='lat'>,</span> <span class='ocrx_word' id='word_1_673' title='bbox 2127 1724 2200 1761; x_wconf 73' lang='lat' dir='ltr'>hoc</span> <span class='ocrx_word' id='word_1_674' title='bbox 2229 1734 2287 1762; x_wconf 82' lang='lat' dir='ltr'>est</span> <span class='ocrx_word' id='word_1_675' title='bbox 2315 1726 2549 1775; x_wconf 73' lang='lat' dir='ltr'>priusquam</span> 
     </span>
     <span class='ocr_line' id='line_1_92' title="bbox 1439 1774 2549 1830; baseline -0.002 -17"><span class='ocrx_word' id='word_1_676' title='bbox 1439 1785 1540 1814; x_wconf 81' lang='lat' dir='ltr'>esset</span> <span class='ocrx_word' id='word_1_677' title='bbox 1567 1780 1811 1828; x_wconf 80' lang='lat' dir='ltr'>persecutio,</span> <span class='ocrx_word' id='word_1_678' title='bbox 1852 1774 2038 1826; x_wconf 79' lang='lat' dir='ltr'>bonisque</span> <span class='ocrx_word' id='word_1_679' title='bbox 2063 1775 2268 1829; x_wconf 81' lang='lat' dir='ltr'>florebunt</span> <span class='ocrx_word' id='word_1_680' title='bbox 2303 1775 2549 1830; x_wconf 81' lang='lat' dir='ltr'>majoribus,</span> 
     </span>
     <span class='ocr_line' id='line_1_93' title="bbox 1438 1827 2551 1882; baseline 0 -16"><span class='ocrx_word' id='word_1_681' title='bbox 1438 1842 1562 1880; x_wconf 81' lang='lat' dir='ltr'>quam</span> <span class='ocrx_word' id='word_1_682' title='bbox 1589 1828 1808 1867; x_wconf 77' lang='lat' dir='ltr'>babuerunt</span> <span class='ocrx_word' id='word_1_683' title='bbox 1836 1827 1887 1866; x_wconf 88' lang='lat' dir='ltr'>ab</span> <span class='ocrx_word' id='word_1_684' title='bbox 1923 1833 2060 1877; x_wconf 80' lang='lat' dir='ltr'>initio,</span> <span class='ocrx_word' id='word_1_685' title='bbox 2107 1839 2340 1882; x_wconf 79' lang='lat' dir='ltr'>martyrum</span> <span class='ocrx_word' id='word_1_686' title='bbox 2381 1832 2551 1867; x_wconf 78' lang='lat' dir='ltr'>victoriis</span> 
     </span>
     <span class='ocr_line' id='line_1_94' title="bbox 1439 1881 1762 1922; baseline -0.003 -2"><span class='ocrx_word' id='word_1_687' title='bbox 1439 1890 1647 1921; x_wconf 69' lang='lat' dir='ltr'>coronatae</span> <span class='ocrx_word' id='word_1_688' title='bbox 1674 1881 1762 1922; x_wconf 60' lang='lat' dir='ltr'>&amp;a</span> 
     </span>
    </p>

    <p class='ocr_par' dir='ltr' id='par_1_14' title="bbox 1440 1931 2553 2946">
     <span class='ocr_line' id='line_1_95' title="bbox 1498 1931 2551 1987; baseline 0 -13"><span class='ocrx_word' id='word_1_689' title='bbox 1498 1949 1588 1974; x_wconf 85' lang='lat'>222.</span> <span class='ocrx_word' id='word_1_690' title='bbox 1617 1935 1693 1973; x_wconf 86' lang='lat' dir='ltr'>Oh.</span> <span class='ocrx_word' id='word_1_691' title='bbox 1721 1935 1857 1972; x_wconf 88' lang='lat' dir='ltr'>tertio.</span> <span class='ocrx_word' id='word_1_692' title='bbox 1888 1934 1930 1972; x_wconf 94' lang='lat' dir='ltr'>In</span> <span class='ocrx_word' id='word_1_693' title='bbox 1959 1931 2134 1987; x_wconf 85' lang='lat' dir='ltr'>pluribus</span> <span class='ocrx_word' id='word_1_694' title='bbox 2163 1949 2252 1974; x_wconf 85' lang='lat' dir='ltr'>nov.</span> <span class='ocrx_word' id='word_1_695' title='bbox 2282 1942 2428 1974; x_wconf 77' lang='lat' dir='ltr'>testam.</span> <span class='ocrx_word' id='word_1_696' title='bbox 2458 1935 2551 1975; x_wconf 74' lang='lat' dir='ltr'>locis</span> 
     </span>
     <span class='ocr_line' id='line_1_96' title="bbox 1440 1987 2551 2039; baseline -0.002 -12"><span class='ocrx_word' id='word_1_697' title='bbox 1440 1987 1714 2028; x_wconf 83' lang='lat' dir='ltr'>Millenarium</span> <span class='ocrx_word' id='word_1_698' title='bbox 1733 1988 1876 2026; x_wconf 80' lang='lat' dir='ltr'>Christi</span> <span class='ocrx_word' id='word_1_699' title='bbox 1904 1999 2067 2039; x_wconf 86' lang='lat' dir='ltr'>regnum</span> <span class='ocrx_word' id='word_1_700' title='bbox 2097 1990 2136 2026; x_wconf 88' lang='lat' dir='ltr'>in</span> <span class='ocrx_word' id='word_1_701' title='bbox 2157 1991 2264 2027; x_wconf 85' lang='lat' dir='ltr'>terris</span> <span class='ocrx_word' id='word_1_702' title='bbox 2283 1988 2388 2027; x_wconf 82' lang='lat' dir='ltr'>haud</span> <span class='ocrx_word' id='word_1_703' title='bbox 2414 1989 2551 2028; x_wconf 67' lang='lat' dir='ltr'>obscu-</span> 
     </span>
     <span class='ocr_line' id='line_1_97' title="bbox 1442 2040 2552 2095; baseline 0.001 -15"><span class='ocrx_word' id='word_1_704' title='bbox 1442 2055 1484 2080; x_wconf 87' lang='lat' dir='ltr'>re</span> <span class='ocrx_word' id='word_1_705' title='bbox 1514 2043 1729 2080; x_wconf 73' lang='lat' dir='ltr'>indicatur.</span> <span class='ocrx_word' id='word_1_706' title='bbox 1759 2040 1908 2079; x_wconf 80' lang='lat' dir='ltr'>Potiora</span> <span class='ocrx_word' id='word_1_707' title='bbox 1937 2040 2022 2079; x_wconf 81' lang='lat' dir='ltr'>haec</span> <span class='ocrx_word' id='word_1_708' title='bbox 2051 2050 2159 2079; x_wconf 88' lang='lat' dir='ltr'>sunt:</span> <span class='ocrx_word' id='word_1_709' title='bbox 2189 2043 2305 2081; x_wconf 72' lang='lat' dir='ltr'>Lucae</span> <span class='ocrx_word' id='word_1_710' title='bbox 2334 2040 2464 2082; x_wconf 85' lang='lat' dir='ltr'>XXII.</span> <span class='ocrx_word' id='word_1_711' title='bbox 2486 2053 2552 2095; x_wconf 78' lang='lat'>29.</span> 
     </span>
     <span class='ocr_line' id='line_1_98' title="bbox 1440 2092 2550 2148; baseline 0 -15"><span class='ocrx_word' id='word_1_712' title='bbox 1440 2096 1568 2148; x_wconf 86' lang='lat' dir='ltr'>inquit</span> <span class='ocrx_word' id='word_1_713' title='bbox 1594 2095 1763 2133; x_wconf 83' lang='lat' dir='ltr'>Christus</span> <span class='ocrx_word' id='word_1_714' title='bbox 1793 2092 2001 2147; x_wconf 73' lang='lat' dir='ltr'>Apost&#39;olis:</span> <span class='ocrx_word' id='word_1_715' title='bbox 2031 2107 2103 2145; x_wconf 81' lang='lat' dir='ltr'>ego</span> <span class='ocrx_word' id='word_1_716' title='bbox 2132 2092 2295 2147; x_wconf 73' lang='lat' dir='ltr'>dispono</span> <span class='ocrx_word' id='word_1_717' title='bbox 2324 2092 2446 2144; x_wconf 70' lang='lat' dir='ltr'>vobis,</span> <span class='ocrx_word' id='word_1_718' title='bbox 2475 2099 2550 2134; x_wconf 85' lang='lat' dir='ltr'>sic-</span> 
     </span>
     <span class='ocr_line' id='line_1_99' title="bbox 1440 2146 2553 2200; baseline 0.001 -15"><span class='ocrx_word' id='word_1_719' title='bbox 1440 2156 1486 2186; x_wconf 81' lang='lat' dir='ltr'>ut</span> <span class='ocrx_word' id='word_1_720' title='bbox 1513 2147 1700 2199; x_wconf 75' lang='lat' dir='ltr'>disposuit</span> <span class='ocrx_word' id='word_1_721' title='bbox 1728 2146 1824 2186; x_wconf 75' lang='lat' dir='ltr'>mibi</span> <span class='ocrx_word' id='word_1_722' title='bbox 1852 2147 1974 2185; x_wconf 89' lang='lat' dir='ltr'>Pater</span> <span class='ocrx_word' id='word_1_723' title='bbox 2003 2160 2115 2184; x_wconf 83' lang='lat' dir='ltr'>meus</span> <span class='ocrx_word' id='word_1_724' title='bbox 2142 2160 2311 2200; x_wconf 79' lang='lat' dir='ltr'>regnum</span> <span class='ocrx_word' id='word_1_725' title='bbox 2327 2176 2339 2197; x_wconf 79' lang='lat'>,</span> <span class='ocrx_word' id='word_1_726' title='bbox 2387 2157 2429 2185; x_wconf 84' lang='lat' dir='ltr'>ut</span> <span class='ocrx_word' id='word_1_727' title='bbox 2457 2148 2553 2186; x_wconf 81' lang='lat' dir='ltr'>eda-</span> 
     </span>
     <span class='ocr_line' id='line_1_100' title="bbox 1443 2201 2548 2253; baseline 0 -14"><span class='ocrx_word' id='word_1_728' title='bbox 1443 2205 1518 2251; x_wconf 84' lang='lat' dir='ltr'>tis,</span> <span class='ocrx_word' id='word_1_729' title='bbox 1566 2206 1600 2243; x_wconf 70' lang='grc' dir='ltr'>ἃ</span> <span class='ocrx_word' id='word_1_730' title='bbox 1628 2201 1767 2240; x_wconf 78' lang='lat' dir='ltr'>bibatis</span> <span class='ocrx_word' id='word_1_731' title='bbox 1792 2212 1908 2251; x_wconf 85' lang='lat' dir='ltr'>super</span> <span class='ocrx_word' id='word_1_732' title='bbox 1948 2211 2136 2238; x_wconf 85' lang='lat' dir='ltr'>mensam</span> <span class='ocrx_word' id='word_1_733' title='bbox 2172 2214 2310 2239; x_wconf 84' lang='lat' dir='ltr'>meam</span> <span class='ocrx_word' id='word_1_734' title='bbox 2339 2202 2382 2238; x_wconf 86' lang='lat' dir='ltr'>in</span> <span class='ocrx_word' id='word_1_735' title='bbox 2422 2213 2548 2253; x_wconf 80' lang='lat' dir='ltr'>regno</span> 
     </span>
     <span class='ocr_line' id='line_1_101' title="bbox 1444 2253 2553 2306; baseline -0.002 -13"><span class='ocrx_word' id='word_1_736' title='bbox 1444 2268 1535 2293; x_wconf 88' lang='lat' dir='ltr'>meo</span> <span class='ocrx_word' id='word_1_737' title='bbox 1555 2281 1567 2294; x_wconf 90' lang='lat'>.</span> <span class='ocrx_word' id='word_1_738' title='bbox 1603 2255 1702 2294; x_wconf 88' lang='lat' dir='ltr'>Ibid.</span> <span class='ocrx_word' id='word_1_739' title='bbox 1731 2268 1818 2306; x_wconf 85' lang='lat' dir='ltr'>cap.</span> <span class='ocrx_word' id='word_1_740' title='bbox 1847 2253 1956 2293; x_wconf 88' lang='lat' dir='ltr'>XIV.</span> <span class='ocrx_word' id='word_1_741' title='bbox 1991 2254 2051 2292; x_wconf 79' lang='lat'>15.</span> <span class='ocrx_word' id='word_1_742' title='bbox 2080 2254 2114 2290; x_wconf 73' lang='grc'>8(</span> <span class='ocrx_word' id='word_1_743' title='bbox 2142 2266 2221 2306; x_wconf 86' lang='lat' dir='ltr'>seq.</span> <span class='ocrx_word' id='word_1_744' title='bbox 2263 2254 2435 2293; x_wconf 86' lang='lat' dir='ltr'>Christus</span> <span class='ocrx_word' id='word_1_745' title='bbox 2464 2267 2553 2292; x_wconf 85' lang='lat' dir='ltr'>con-</span> 
     </span>
     <span class='ocr_line' id='line_1_102' title="bbox 1441 2307 2553 2358; baseline 0 -12"><span class='ocrx_word' id='word_1_746' title='bbox 1441 2308 1565 2347; x_wconf 88' lang='lat' dir='ltr'>sulens</span> <span class='ocrx_word' id='word_1_747' title='bbox 1593 2310 1747 2347; x_wconf 84' lang='lat' dir='ltr'>cuidam</span> <span class='ocrx_word' id='word_1_748' title='bbox 1777 2307 2055 2345; x_wconf 72' lang='lat' dir='ltr'>Pharisaeorum</span> <span class='ocrx_word' id='word_1_749' title='bbox 2084 2307 2282 2358; x_wconf 82' lang='lat' dir='ltr'>principi,</span> <span class='ocrx_word' id='word_1_750' title='bbox 2325 2315 2366 2345; x_wconf 86' lang='lat' dir='ltr'>ut</span> <span class='ocrx_word' id='word_1_751' title='bbox 2393 2307 2432 2346; x_wconf 89' lang='lat' dir='ltr'>in</span> <span class='ocrx_word' id='word_1_752' title='bbox 2463 2320 2553 2346; x_wconf 90' lang='lat' dir='ltr'>con-</span> 
     </span>
     <span class='ocr_line' id='line_1_103' title="bbox 1442 2358 2549 2413; baseline -0.003 -13"><span class='ocrx_word' id='word_1_753' title='bbox 1442 2363 1558 2400; x_wconf 90' lang='lat' dir='ltr'>viviis</span> <span class='ocrx_word' id='word_1_754' title='bbox 1586 2373 1772 2413; x_wconf 85' lang='lat' dir='ltr'>pauperes</span> <span class='ocrx_word' id='word_1_755' title='bbox 1798 2358 2021 2408; x_wconf 83' lang='lat' dir='ltr'>adhiberet,</span> <span class='ocrx_word' id='word_1_756' title='bbox 2063 2359 2165 2398; x_wconf 88' lang='lat' dir='ltr'>hanc</span> <span class='ocrx_word' id='word_1_757' title='bbox 2194 2360 2254 2398; x_wconf 87' lang='lat' dir='ltr'>illi</span> <span class='ocrx_word' id='word_1_758' title='bbox 2282 2360 2405 2398; x_wconf 86' lang='lat' dir='ltr'>reddit</span> <span class='ocrx_word' id='word_1_759' title='bbox 2433 2362 2549 2401; x_wconf 83' lang='lat' dir='ltr'>ratio-</span> 
     </span>
     <span class='ocr_line' id='line_1_104' title="bbox 1444 2410 2552 2465; baseline 0 -13"><span class='ocrx_word' id='word_1_760' title='bbox 1444 2426 1555 2452; x_wconf 87' lang='lat' dir='ltr'>nem:</span> <span class='ocrx_word' id='word_1_761' title='bbox 1582 2413 1720 2452; x_wconf 84' lang='lat' dir='ltr'>beatus</span> <span class='ocrx_word' id='word_1_762' title='bbox 1747 2418 1825 2452; x_wconf 85' lang='lat' dir='ltr'>eris</span> <span class='ocrx_word' id='word_1_763' title='bbox 1841 2442 1852 2462; x_wconf 86' lang='lat'>,</span> <span class='ocrx_word' id='word_1_764' title='bbox 1882 2417 1975 2465; x_wconf 85' lang='lat' dir='ltr'>quia</span> <span class='ocrx_word' id='word_1_765' title='bbox 2003 2426 2085 2451; x_wconf 86' lang='lat' dir='ltr'>non</span> <span class='ocrx_word' id='word_1_766' title='bbox 2105 2410 2247 2451; x_wconf 76' lang='lat' dir='ltr'>babent</span> <span class='ocrx_word' id='word_1_767' title='bbox 2274 2411 2485 2451; x_wconf 83' lang='lat' dir='ltr'>retribuere</span> <span class='ocrx_word' id='word_1_768' title='bbox 2504 2417 2552 2452; x_wconf 83' lang='lat' dir='ltr'>ti-</span> 
     </span>
     <span class='ocr_line' id='line_1_105' title="bbox 1444 2464 2552 2520; baseline 0 -16"><span class='ocrx_word' id='word_1_769' title='bbox 1444 2464 1508 2505; x_wconf 84' lang='lat' dir='ltr'>bi:</span> <span class='ocrx_word' id='word_1_770' title='bbox 1549 2466 1779 2505; x_wconf 82' lang='lat' dir='ltr'>retribuetur</span> <span class='ocrx_word' id='word_1_771' title='bbox 1807 2470 1916 2504; x_wconf 86' lang='lat' dir='ltr'>enim</span> <span class='ocrx_word' id='word_1_772' title='bbox 1945 2464 2010 2505; x_wconf 85' lang='lat' dir='ltr'>tibi</span> <span class='ocrx_word' id='word_1_773' title='bbox 2039 2470 2080 2504; x_wconf 88' lang='lat' dir='ltr'>in</span> <span class='ocrx_word' id='word_1_774' title='bbox 2107 2471 2393 2506; x_wconf 81' lang='lat' dir='ltr'>resurrectione</span> <span class='ocrx_word' id='word_1_775' title='bbox 2423 2468 2552 2520; x_wconf 85' lang='lat' dir='ltr'>justo-</span> 
     </span>
     <span class='ocr_line' id='line_1_106' title="bbox 1440 2518 2551 2573; baseline 0.001 -16"><span class='ocrx_word' id='word_1_776' title='bbox 1440 2531 1534 2558; x_wconf 82' lang='lat' dir='ltr'>rum</span> <span class='ocrx_word' id='word_1_777' title='bbox 1549 2535 1565 2566; x_wconf 90' lang='lat'><em>;</em></span> <span class='ocrx_word' id='word_1_778' title='bbox 1593 2532 1670 2573; x_wconf 88' lang='lat' dir='ltr'>quo</span> <span class='ocrx_word' id='word_1_779' title='bbox 1697 2520 1826 2559; x_wconf 75' lang='lat' dir='ltr'>audito</span> <span class='ocrx_word' id='word_1_780' title='bbox 1852 2520 2012 2573; x_wconf 79' lang='lat' dir='ltr'>quidam</span> <span class='ocrx_word' id='word_1_781' title='bbox 2041 2520 2231 2573; x_wconf 84' lang='lat' dir='ltr'>respondit</span> <span class='ocrx_word' id='word_1_782' title='bbox 2247 2534 2258 2567; x_wconf 90' lang='lat'>;</span> <span class='ocrx_word' id='word_1_783' title='bbox 2291 2518 2429 2558; x_wconf 84' lang='lat' dir='ltr'>beatus</span> <span class='ocrx_word' id='word_1_784' title='bbox 2446 2550 2457 2569; x_wconf 81' lang='grc'>,</span> <span class='ocrx_word' id='word_1_785' title='bbox 2486 2523 2551 2572; x_wconf 85' lang='lat' dir='ltr'>qui</span> 
     </span>
     <span class='ocr_line' id='line_1_107' title="bbox 1445 2571 2552 2626; baseline 0.001 -15"><span class='ocrx_word' id='word_1_786' title='bbox 1445 2573 1705 2612; x_wconf 76' lang='lat' dir='ltr'>manducabit</span> <span class='ocrx_word' id='word_1_787' title='bbox 1732 2586 1881 2625; x_wconf 85' lang='lat' dir='ltr'>panem</span> <span class='ocrx_word' id='word_1_788' title='bbox 1909 2577 1950 2610; x_wconf 88' lang='lat' dir='ltr'>in</span> <span class='ocrx_word' id='word_1_789' title='bbox 1977 2585 2101 2626; x_wconf 81' lang='lat' dir='ltr'>regno</span> <span class='ocrx_word' id='word_1_790' title='bbox 2129 2571 2207 2611; x_wconf 87' lang='lat' dir='ltr'>Dei</span> <span class='ocrx_word' id='word_1_791' title='bbox 2221 2588 2237 2618; x_wconf 87' lang='lat'>,·</span> <span class='ocrx_word' id='word_1_792' title='bbox 2273 2575 2374 2625; x_wconf 87' lang='lat' dir='ltr'>quod</span> <span class='ocrx_word' id='word_1_793' title='bbox 2404 2573 2552 2612; x_wconf 86' lang='lat' dir='ltr'>nonnisi</span> 
     </span>
     <span class='ocr_line' id='line_1_108' title="bbox 1442 2625 2551 2678; baseline -0.002 -14"><span class='ocrx_word' id='word_1_794' title='bbox 1442 2627 1486 2665; x_wconf 87' lang='lat' dir='ltr'>de</span> <span class='ocrx_word' id='word_1_795' title='bbox 1516 2639 1628 2678; x_wconf 83' lang='lat' dir='ltr'>regno</span> <span class='ocrx_word' id='word_1_796' title='bbox 1655 2627 1795 2665; x_wconf 84' lang='lat' dir='ltr'>Christi</span> <span class='ocrx_word' id='word_1_797' title='bbox 1823 2627 1863 2664; x_wconf 86' lang='lat' dir='ltr'>in</span> <span class='ocrx_word' id='word_1_798' title='bbox 1891 2626 1998 2664; x_wconf 87' lang='lat' dir='ltr'>terris</span> <span class='ocrx_word' id='word_1_799' title='bbox 2027 2625 2189 2676; x_wconf 83' lang='lat' dir='ltr'>intelligi</span> <span class='ocrx_word' id='word_1_800' title='bbox 2218 2635 2362 2677; x_wconf 86' lang='lat' dir='ltr'>potest.</span> <span class='ocrx_word' id='word_1_801' title='bbox 2389 2625 2551 2663; x_wconf 86' lang='lat' dir='ltr'>Praeter-</span> 
     </span>
     <span class='ocr_line' id='line_1_109' title="bbox 1442 2678 2553 2730; baseline -0.002 -12"><span class='ocrx_word' id='word_1_802' title='bbox 1442 2694 1486 2718; x_wconf 90' lang='lat' dir='ltr'>ea</span> <span class='ocrx_word' id='word_1_803' title='bbox 1504 2680 1675 2719; x_wconf 81' lang='lat' dir='ltr'>Christus</span> <span class='ocrx_word' id='word_1_804' title='bbox 1704 2681 1756 2718; x_wconf 87' lang='lat' dir='ltr'>ita</span> <span class='ocrx_word' id='word_1_805' title='bbox 1782 2678 1989 2730; x_wconf 83' lang='lat' dir='ltr'>discipulos</span> <span class='ocrx_word' id='word_1_806' title='bbox 2016 2692 2101 2716; x_wconf 89' lang='lat' dir='ltr'>suos</span> <span class='ocrx_word' id='word_1_807' title='bbox 2130 2679 2169 2716; x_wconf 85' lang='lat' dir='ltr'>iu</span> <span class='ocrx_word' id='word_1_808' title='bbox 2199 2678 2333 2717; x_wconf 83' lang='lat' dir='ltr'>ultima</span> <span class='ocrx_word' id='word_1_809' title='bbox 2363 2692 2476 2718; x_wconf 82' lang='lat' dir='ltr'>coena</span> <span class='ocrx_word' id='word_1_810' title='bbox 2493 2678 2553 2716; x_wconf 77' lang='lat' dir='ltr'>al-</span> 
     </span>
     <span class='ocr_line' id='line_1_110' title="bbox 1442 2730 2551 2784; baseline -0.003 -13"><span class='ocrx_word' id='word_1_811' title='bbox 1442 2734 1589 2772; x_wconf 85' lang='lat' dir='ltr'>locutus</span> <span class='ocrx_word' id='word_1_812' title='bbox 1617 2744 1668 2771; x_wconf 84' lang='lat' dir='ltr'>est</span> <span class='ocrx_word' id='word_1_813' title='bbox 1697 2732 1837 2772; x_wconf 83' lang='lat' dir='ltr'>Matth.</span> <span class='ocrx_word' id='word_1_814' title='bbox 1866 2732 2018 2771; x_wconf 85' lang='lat' dir='ltr'>XXXI.</span> <span class='ocrx_word' id='word_1_815' title='bbox 2040 2744 2103 2784; x_wconf 80' lang='lat'>29.</span> <span class='ocrx_word' id='word_1_816' title='bbox 2131 2744 2212 2769; x_wconf 85' lang='lat' dir='ltr'>non</span> <span class='ocrx_word' id='word_1_817' title='bbox 2241 2730 2372 2770; x_wconf 82' lang='lat' dir='ltr'>bibam</span> <span class='ocrx_word' id='word_1_818' title='bbox 2401 2731 2551 2770; x_wconf 80' lang='lat' dir='ltr'>amodo</span> 
     </span>
     <span class='ocr_line' id='line_1_111' title="bbox 1443 2785 2550 2840; baseline -0.003 -16"><span class='ocrx_word' id='word_1_819' title='bbox 1443 2787 1491 2824; x_wconf 82' lang='lat' dir='ltr'>cle</span> <span class='ocrx_word' id='word_1_820' title='bbox 1520 2787 1589 2825; x_wconf 77' lang='lat' dir='ltr'>boc</span> <span class='ocrx_word' id='word_1_821' title='bbox 1617 2790 1819 2840; x_wconf 79' lang='lat' dir='ltr'>genimine</span> <span class='ocrx_word' id='word_1_822' title='bbox 1839 2790 1950 2834; x_wconf 65' lang='lat' dir='ltr'>vitis,</span> <span class='ocrx_word' id='word_1_823' title='bbox 1979 2798 2097 2837; x_wconf 81' lang='lat' dir='ltr'>usque</span> <span class='ocrx_word' id='word_1_824' title='bbox 2112 2789 2154 2822; x_wconf 87' lang='lat' dir='ltr'>in</span> <span class='ocrx_word' id='word_1_825' title='bbox 2167 2785 2273 2823; x_wconf 83' lang='lat' dir='ltr'>diem</span> <span class='ocrx_word' id='word_1_826' title='bbox 2289 2786 2399 2822; x_wconf 82' lang='lat' dir='ltr'>illum</span> <span class='ocrx_word' id='word_1_827' title='bbox 2417 2816 2427 2834; x_wconf 86' lang='lat'>,</span> <span class='ocrx_word' id='word_1_828' title='bbox 2456 2797 2550 2822; x_wconf 83' lang='lat' dir='ltr'>cum</span> 
     </span>
     <span class='ocr_line' id='line_1_112' title="bbox 1444 2837 2550 2891; baseline -0.001 -15"><span class='ocrx_word' id='word_1_829' title='bbox 1444 2839 1537 2877; x_wconf 81' lang='lat' dir='ltr'>illud</span> <span class='ocrx_word' id='word_1_830' title='bbox 1565 2840 1696 2878; x_wconf 84' lang='lat' dir='ltr'>bibam</span> <span class='ocrx_word' id='word_1_831' title='bbox 1716 2838 1908 2879; x_wconf 62' lang='lat' dir='ltr'>Vobiscum</span> <span class='ocrx_word' id='word_1_832' title='bbox 1928 2850 2071 2877; x_wconf 72' lang='lat' dir='ltr'>novum</span> <span class='ocrx_word' id='word_1_833' title='bbox 2092 2842 2133 2876; x_wconf 84' lang='lat' dir='ltr'>in</span> <span class='ocrx_word' id='word_1_834' title='bbox 2152 2852 2274 2891; x_wconf 80' lang='lat' dir='ltr'>regno</span> <span class='ocrx_word' id='word_1_835' title='bbox 2290 2837 2423 2875; x_wconf 81' lang='lat' dir='ltr'>Patris</span> <span class='ocrx_word' id='word_1_836' title='bbox 2439 2841 2550 2876; x_wconf 86' lang='lat' dir='ltr'>mei:</span> 
     </span>
     <span class='ocr_line' id='line_1_113' title="bbox 1443 2892 2551 2946; baseline -0.002 -16"><span class='ocrx_word' id='word_1_837' title='bbox 1443 2906 1533 2945; x_wconf 83' lang='lat' dir='ltr'>quae</span> <span class='ocrx_word' id='word_1_838' title='bbox 1562 2894 1680 2934; x_wconf 83' lang='lat' dir='ltr'>verba</span> <span class='ocrx_word' id='word_1_839' title='bbox 1722 2892 1978 2946; x_wconf 87' lang='lat' dir='ltr'>metaphorice</span> <span class='ocrx_word' id='word_1_840' title='bbox 2005 2892 2199 2945; x_wconf 81' lang='lat' dir='ltr'>explicare</span> <span class='ocrx_word' id='word_1_841' title='bbox 2238 2904 2315 2930; x_wconf 85' lang='lat' dir='ltr'>non</span> <span class='ocrx_word' id='word_1_842' title='bbox 2345 2892 2433 2929; x_wconf 88' lang='lat' dir='ltr'>sinit</span> <span class='ocrx_word' id='word_1_843' title='bbox 2461 2904 2551 2944; x_wconf 79' lang='lat' dir='ltr'>pro-</span> 
     </span>
    </p>

    <p class='ocr_par' dir='ltr' id='par_1_15' title="bbox 2432 2957 2499 2982">
     <span class='ocr_line' id='line_1_114' title="bbox 2432 2957 2499 2982; baseline 0 0"><span class='ocrx_word' id='word_1_844' title='bbox 2432 2957 2499 2982; x_wconf 88' lang='lat' dir='ltr'>no-</span> 
     </span>
    </p>
   </div>
   <div class='ocr_carea' id='block_1_10' title="bbox 1437 3026 2551 3351">
    <p class='ocr_par' dir='ltr' id='par_1_16' title="bbox 1437 3026 2551 3351">
     <span class='ocr_line' id='line_1_115' title="bbox 1437 3026 2549 3074; baseline -0.001 -13"><span class='ocrx_word' id='word_1_845' title='bbox 1437 3036 1478 3062; x_wconf 83' lang='lat' dir='ltr'>nt</span> <span class='ocrx_word' id='word_1_846' title='bbox 1503 3030 1539 3062; x_wconf 85' lang='lat' dir='ltr'>P.</span> <span class='ocrx_word' id='word_1_847' title='bbox 1565 3026 1794 3063; x_wconf 79' lang='lat' dir='ltr'>Martianaeus</span> <span class='ocrx_word' id='word_1_848' title='bbox 1829 3026 2004 3070; x_wconf 74' lang='lat' dir='ltr'>ostendit,</span> <span class='ocrx_word' id='word_1_849' title='bbox 2041 3026 2187 3062; x_wconf 86' lang='lat' dir='ltr'>Sanctus</span> <span class='ocrx_word' id='word_1_850' title='bbox 2215 3027 2450 3074; x_wconf 79' lang='lat' dir='ltr'>Hieronymus</span> <span class='ocrx_word' id='word_1_851' title='bbox 2485 3027 2549 3061; x_wconf 79' lang='lat' dir='ltr'>hos</span> 
     </span>
     <span class='ocr_line' id='line_1_116' title="bbox 1440 3074 2550 3121; baseline -0.002 -13"><span class='ocrx_word' id='word_1_852' title='bbox 1440 3078 1706 3109; x_wconf 86' lang='lat' dir='ltr'>commentarios</span> <span class='ocrx_word' id='word_1_853' title='bbox 1726 3077 1864 3109; x_wconf 88' lang='lat' dir='ltr'>nonnisi</span> <span class='ocrx_word' id='word_1_854' title='bbox 1883 3084 1959 3121; x_wconf 82' lang='lat' dir='ltr'>post</span> <span class='ocrx_word' id='word_1_855' title='bbox 1978 3087 2058 3108; x_wconf 84' lang='lat' dir='ltr'>ann.</span> <span class='ocrx_word' id='word_1_856' title='bbox 2079 3074 2161 3118; x_wconf 76' lang='lat'>409.</span> <span class='ocrx_word' id='word_1_857' title='bbox 2188 3077 2444 3120; x_wconf 83' lang='lat' dir='ltr'>composuerit,</span> <span class='ocrx_word' id='word_1_858' title='bbox 2469 3075 2550 3118; x_wconf 81' lang='lat' dir='ltr'>quis</span> 
     </span>
     <span class='ocr_line' id='line_1_117' title="bbox 1440 3118 2551 3167; baseline -0.002 -14"><span class='ocrx_word' id='word_1_859' title='bbox 1440 3121 1506 3155; x_wconf 83' lang='lat' dir='ltr'>sibi</span> <span class='ocrx_word' id='word_1_860' title='bbox 1533 3120 1762 3165; x_wconf 79' lang='lat' dir='ltr'>persuadeat,</span> <span class='ocrx_word' id='word_1_861' title='bbox 1798 3122 1967 3167; x_wconf 88' lang='lat' dir='ltr'>plurimos</span> <span class='ocrx_word' id='word_1_862' title='bbox 1993 3133 2034 3154; x_wconf 77' lang='lat' dir='ltr'>ex</span> <span class='ocrx_word' id='word_1_863' title='bbox 2065 3121 2258 3155; x_wconf 77' lang='lat' dir='ltr'>Catholicis</span> <span class='ocrx_word' id='word_1_864' title='bbox 2283 3122 2366 3155; x_wconf 87' lang='lat' dir='ltr'>huic</span> <span class='ocrx_word' id='word_1_865' title='bbox 2393 3118 2551 3166; x_wconf 72' lang='lat' dir='ltr'>opinioni</span> 
     </span>
     <span class='ocr_line' id='line_1_118' title="bbox 1437 3168 2550 3210; baseline -0.002 -11"><span class='ocrx_word' id='word_1_866' title='bbox 1437 3168 1553 3200; x_wconf 69' lang='lat' dir='ltr'>favere</span> <span class='ocrx_word' id='word_1_867' title='bbox 1578 3171 1757 3210; x_wconf 75' lang='lat' dir='ltr'>potuisse,</span> <span class='ocrx_word' id='word_1_868' title='bbox 1784 3170 1812 3202; x_wconf 84' lang='lat' dir='ltr'>si</span> <span class='ocrx_word' id='word_1_869' title='bbox 1838 3168 1960 3200; x_wconf 86' lang='lat' dir='ltr'>fuisset</span> <span class='ocrx_word' id='word_1_870' title='bbox 1978 3168 2014 3200; x_wconf 87' lang='lat' dir='ltr'>in</span> <span class='ocrx_word' id='word_1_871' title='bbox 2041 3168 2189 3200; x_wconf 82' lang='lat' dir='ltr'>concilio</span> <span class='ocrx_word' id='word_1_872' title='bbox 2207 3168 2309 3202; x_wconf 86' lang='lat' dir='ltr'>Rom.</span> <span class='ocrx_word' id='word_1_873' title='bbox 2335 3169 2400 3202; x_wconf 87' lang='lat' dir='ltr'>sub</span> <span class='ocrx_word' id='word_1_874' title='bbox 2419 3168 2550 3200; x_wconf 82' lang='lat' dir='ltr'>Dama-</span> 
     </span>
     <span class='ocr_line' id='line_1_119' title="bbox 1438 3210 2548 3260; baseline -0.001 -15"><span class='ocrx_word' id='word_1_875' title='bbox 1438 3225 1475 3245; x_wconf 85' lang='lat' dir='ltr'>so</span> <span class='ocrx_word' id='word_1_876' title='bbox 1500 3211 1754 3247; x_wconf 78' lang='lat' dir='ltr'>condemnata?</span> <span class='ocrx_word' id='word_1_877' title='bbox 1795 3210 1888 3257; x_wconf 84' lang='lat' dir='ltr'>Quid</span> <span class='ocrx_word' id='word_1_878' title='bbox 1921 3212 2014 3257; x_wconf 78' lang='lat' dir='ltr'>quod</span> <span class='ocrx_word' id='word_1_879' title='bbox 2040 3214 2206 3247; x_wconf 86' lang='lat' dir='ltr'>Severum</span> <span class='ocrx_word' id='word_1_880' title='bbox 2233 3215 2422 3260; x_wconf 84' lang='lat' dir='ltr'>Sulpitium</span> <span class='ocrx_word' id='word_1_881' title='bbox 2454 3213 2548 3246; x_wconf 81' lang='lat' dir='ltr'>circa</span> 
     </span>
     <span class='ocr_line' id='line_1_120' title="bbox 1439 3257 2548 3306; baseline -0.002 -14"><span class='ocrx_word' id='word_1_882' title='bbox 1439 3271 1519 3292; x_wconf 81' lang='lat' dir='ltr'>ann.</span> <span class='ocrx_word' id='word_1_883' title='bbox 1539 3258 1619 3299; x_wconf 66' lang='lat'>415.</span> <span class='ocrx_word' id='word_1_884' title='bbox 1648 3261 1929 3293; x_wconf 83' lang='lat' dir='ltr'>Millenariornm</span> <span class='ocrx_word' id='word_1_885' title='bbox 1947 3259 2121 3305; x_wconf 59' lang='lat' dir='ltr'>Qmentis</span> <span class='ocrx_word' id='word_1_886' title='bbox 2147 3260 2286 3296; x_wconf 76' lang='lat' dir='ltr'>incaute</span> <span class='ocrx_word' id='word_1_887' title='bbox 2305 3259 2492 3306; x_wconf 80' lang='lat' dir='ltr'>deceptum</span> <span class='ocrx_word' id='word_1_888' title='bbox 2519 3257 2548 3290; x_wconf 87' lang='lat' dir='ltr'>i-</span> 
     </span>
     <span class='ocr_line' id='line_1_121' title="bbox 1437 3305 1957 3351; baseline -0.004 -11"><span class='ocrx_word' id='word_1_889' title='bbox 1437 3305 1517 3340; x_wconf 85' lang='lat' dir='ltr'>dem</span> <span class='ocrx_word' id='word_1_890' title='bbox 1541 3305 1777 3351; x_wconf 80' lang='lat' dir='ltr'>Hieronymus</span> <span class='ocrx_word' id='word_1_891' title='bbox 1801 3305 1924 3341; x_wconf 84' lang='lat' dir='ltr'>scribit</span> <span class='ocrx_word' id='word_1_892' title='bbox 1944 3306 1957 3338; x_wconf 87' lang='lat'>?</span> 
     </span>
    </p>
   </div>
  </div>
 </body>
</html>
