2577 3633
337 137 417 163 112

274 200 357 237 huto
372 193 692 236 consubstantialis
708 205 796 230 usos
811 203 896 230 esse
912 193 1161 242 cognorimus
1172 215 1182 225 .
1211 187 1323 225 Unde
1338 188 1371 224 δε

272 254 312 290 S.
329 250 552 288 Athanasius
569 249 606 284 in
622 248 730 298 epist.
747 246 791 282 ad
810 245 920 282 Afros
936 243 1029 280 hanc
1050 255 1181 279 vocem
1200 246 1371 278 testimo-

271 307 336 340 nio
357 310 528 339 veterum
548 299 834 350 Episcoporum
855 295 1138 348 comprobatam
1159 294 1250 331 dicit
1280 294 1342 344 (a)
1360 319 1371 331 .

327 355 419 393 568.
449 354 496 391 Et
543 367 630 390 sane
659 364 893 404 quamquam
937 347 1058 385 multa
1086 356 1211 384 vetera
1240 359 1372 383 monu-

269 416 397 447 menta
425 406 674 444 ecclesiastica
702 405 812 443 modo
840 402 1115 447 desiderantur,
1153 401 1221 437 ista
1248 407 1371 436 tamen

271 474 342 499 vox
384 460 569 512 reperitur
597 458 698 511 apud
729 454 1035 500 Tertullianum,
1082 453 1149 504 qui
1185 451 1370 489 adversas

259 513 483 551 .Praxeam
512 527 595 564 cap.
619 526 655 550 2.
685 509 859 554 Patrem,
904 506 1049 543 Filium
1067 535 1077 553 ,
1121 504 1153 540 St
1181 505 1367 556 Spiritum

267 567 452 606 ‘Sanctum
481 570 594 602 unius
622 561 854 602 substantiae
883 573 958 596 esse
985 559 1102 607 dicit,
1137 559 1237 610 qnod
1268 559 1368 595 idem

270 629 374 658 sonat
391 649 401 667 ,
431 632 474 656 ac
495 619 656 666 ὁμοία-ιον
673 642 682 652 .
712 615 894 664 Origenes
915 613 1026 649 etiam
1048 614 1217 648 eamdem
1239 623 1369 647 vocem

270 673 467 724 usurpavit
513 669 668 706 testibus
699 667 847 703 Ruffino
876 668 891 716 (
921 664 968 702 cle
1009 664 1298 702 adulteratione
1326 663 1369 698 li-

269 724 425 762 brorum
470 722 696 773 Origenis)
739 720 773 755 ἃ
809 716 1011 769 Pamphilo
1053 718 1136 768 (in
1180 717 1370 767 Apologia

272 791 341 830 pro
373 776 546 827 Origene
588 774 624 821 ).
655 773 864 824 Dionysius
892 780 1017 809 autem
1037 770 1145 808 Rom.
1177 768 1367 814 Pontifex,

275 840 315 868 ut
344 830 383 867 S.
415 828 636 867 Athanasius
666 827 780 862 refert
821 828 837 876 (
867 826 904 862 in
947 825 1054 875 epist.
1083 823 1130 860 de
1162 822 1367 859 Sententia

272 883 462 934 Dionysii
503 882 518 929 )
570 894 592 917 a
647 879 830 930 Dionysio
884 876 1100 915 Patriarcha
1143 875 1367 913 Alexandri-

270 950 323 974 no
365 935 510 986 exegit,
553 941 593 969 ut
629 932 822 970 Christum
852 930 953 969 Patri
995 944 1074 967 esse
1115 927 1368 966 consubstan-

270 990 410 1027 tialem
452 987 604 1024 omnino
645 986 849 1033 fateretur,
896 984 959 1021 cui
1004 983 1179 1020 mandato
1207 981 1368 1018 Patriar-

268 1043 343 1081 cha
372 1040 675 1086 Alexandrinus,
719 1048 758 1076 ut
786 1051 854 1090 par
883 1045 984 1083 erat,
1023 1038 1060 1073 in
1088 1050 1154 1072 sua
1183 1035 1368 1085 apologia

268 1094 568 1147 obtemperavit3
606 1092 704 1129 unde
733 1103 929 1128 consensus
957 1089 1119 1126 duarum
1150 1088 1370 1139 principum

269 1147 526 1186 Ecclesiarum
539 1154 712 1198 apparet3
733 1143 873 1181 scilicet
886 1142 1063 1179 Romana:
1076 1171 1086 1189 ‚
1101 1155 1187 1192 qnae
1198 1141 1369 1176 omnium

265 1201 434 1239 aliarum
466 1209 583 1237 mater
612 1207 688 1244 est,
718 1196 751 1232 &
781 1196 983 1247 magistra,
1014 1202 1126 1246 atque
1148 1193 1371 1230 Alexandri-

269 1269 358 1301 nae,
405 1267 491 1306 quae
520 1262 608 1289 tunc
637 1251 814 1301 temporis
844 1250 1011 1299 primum
1055 1256 1133 1297 post
1163 1246 1370 1282 Romanam

270 1308 398 1345 locum
441 1304 660 1344 obtinebat.
708 1303 812 1339 Idem
841 1301 880 1338 S.
913 1298 1138 1337 Athanasius
1179 1299 1306 1336 laudat
1334 1300 1374 1335 in

272 1360 368 1398 hanc
410 1373 488 1396 rem
528 1357 807 1407 Theognostum
850 1353 1076 1403 antiquum,
1122 1350 1156 1386 8(
1186 1353 1375 1388 eruditum

271 1414 490 1463 scriptorem
524 1408 579 1459 (b)
600 1435 608 1446 .
1185 1457 1191 1463 .

325 1464 416 1515 569.
446 1464 586 1501 Dices.
616 1460 656 1498 S.
679 1459 911 1511 Augustinus
940 1458 1066 1496 Tract.
1086 1469 1151 1508 97.
1183 1456 1374 1493 inJoann.

272 1533 312 1556 n.
334 1517 372 1563 4.
402 1516 622 1562 Adversus,
666 1515 816 1565 inquit,
854 1515 1101 1563 impietatem
1130 1509 1374 1546 Asianorum

272 1571 546 1608 haereticorum
588 1580 732 1604 novum
778 1579 925 1603 nomen
968 1564 1108 1601 Patres
1150 1562 1377 1600 ἧοηῐοιιεὶοη

270 1622 554 1668 condiderunt,
601 1619 777 1657 sednon
819 1631 903 1656 rem
933 1631 1076 1655 novam
1119 1617 1187 1652 ruli
1216 1619 1377 1652 nomine

273 1682 509 1729 signarunt.
539 1675 664 1712 Etiam
696 1671 862 1723 Vigilius
892 1671 1094 1723 Tapsensis
1124 1674 1138 1721 (
1168 1670 1208 1706 in
1237 1668 1378 1706 Dialo-

273 1745 323 1783 ἕο
352 1743 489 1768 coram
522 1726 646 1765 Probo
675 1726 689 1774 )
724 1725 924 1775 Quoniam
943 1754 953 1770 ,
1000 1724 1153 1775 inquit,
1183 1736 1244 1760 res
1273 1726 1378 1759 anti-

273 1797 353 1833 qua
382 1796 524 1820 not-um
552 1792 700 1818 nomen
729 1782 879 1826 accepit
909 1776 1162 1822 homousion,
1208 1789 1287 1812 nou
1316 1789 1376 1812 φο-

275 1836 413 1873 cabalo
442 1847 539 1871 novo
566 1844 676 1869 novoe
704 1835 760 1867 rei
789 1834 906 1867 virtus
935 1833 1084 1878 accepit
1113 1828 1199 1867 &a

330 1890 422 1927 3-0.
452 1887 566 1937 Hesp.
598 1884 724 1921 vocari
755 1896 859 1934 posse
889 1895 1022 1919 novam
1053 1880 1147 1916 hanc
1176 1893 1306 1917 vocem
1337 1881 1377 1918 iu

275 1925 406 1993 aliquo
434 1952 568 1983 sensu3
598 1937 686 1974 licet
716 1937 814 1972 enim
845 1943 951 1972 antea
980 1946 1131 1985 quoque
1160 1932 1260 1984 apud
1289 1945 1379 1970 non-

275 1995 402 2032 nullos
422 1995 461 2030 in
493 2005 559 2029 usu
582 1990 736 2035 fuisset,
766 2001 843 2025 non
874 1995 952 2023 erat
981 1995 1104 2023 tamen
1133 1985 1291 2036 publica
1306 1985 1380 2022 Ec-

276 2048 402 2084 clesiae
433 2044 649 2082 auctoritate
677 2041 855 2087 firmata,
903 2053 945 2075 ac
974 2038 1093 2075 veluti
1133 2046 1379 2083 consecrata;

278 2101 375 2138 unde
406 2098 504 2134 idem
535 2096 574 2133 S.
605 2094 836 2144 Augustinus
865 2091 952 2129 Lib.
974 2091 1022 2128 II.
1069 2098 1209 2127 contra
1238 2090 1381 2128 [Vazi-

280 2156 434 2189 minum
464 2164 547 2200 cap.
575 2147 634 2192 14.
664 2160 702 2183 n.
726 2146 763 2183 5.
794 2143 882 2181 Hoc
902 2152 959 2181 est
977 2173 987 2191 ,
1017 2144 1166 2195 inquit,
1196 2142 1290 2179 illud
1317 2143 1381 2180 lio-

278 2208 457 2244 mousion
474 2233 484 2251 ,
514 2200 613 2251 quoti
642 2203 682 2237 in
706 2198 878 2236 Concilio
899 2196 1068 2234 Nicaeno
1089 2195 1274 2233 adversus
1304 2195 1383 2233 hce-

276 2263 419 2298 reticos
439 2257 610 2294 Arianos
639 2266 666 2290 a
695 2251 894 2289 catholicis
910 2249 1089 2287 Patribus
1118 2253 1292 2287 veritatis
1312 2263 1383 2286 au—

278 2316 483 2357 ctoritate,
513 2309 562 2348 <9¹
591 2309 838 2344 auctoritatis
868 2307 1028 2341 veritate
1043 2302 1265 2354 firmatam
1295 2312 1380 2340 est.

333 2366 425 2416 571.
453 2364 629 2400 Ceterum
651 2360 718 2398 etsi
745 2359 925 2405 daretur,
955 2369 1090 2394 novam
1112 2369 1260 2407 prorsus
1291 2357 1382 2394 fuis-

277 2434 316 2457 se
345 2417 443 2455 hanc
472 2429 631 2462 vocem,
678 2425 906 2463 consequens
934 2410 1095 2447 minime
1132 2410 1250 2457 foret,
1299 2424 1382 2447 eam

279 2485 350 2509 non
392 2470 553 2522 potuisse
593 2483 616 2505 a
642 2465 816 2504 Patribus
844 2463 1014 2501 Nicaenis
1049 2461 1221 2500 adhiberi
1258 2462 1303 2499 ad
1337 2463 1384 2500 A·

279 2527 476 2563 rianorum
506 2521 658 2558 fraudes
687 2517 980 2570 praecavendas,
1010 2516 1077 2567 qui
1107 2514 1225 2562 alias,
1272 2524 1383 2567 atque

283 2580 435 2615 usitatas
466 2589 573 2612 voces
602 2584 777 2625 perverso
806 2584 911 2610 sensu
940 2568 1226 2607 adulterabant.
1283 2569 1382 2606 Hinc

281 2631 323 2669 S.
352 2629 522 2667 Hilarius
551 2626 761 2665 Constantio
790 2624 981 2674 Augusto,
1029 2623 1098 2674 qni
1126 2620 1222 2658 hanc
1253 2634 1383 2659 vocem

281 2693 478 2734 tamquam
508 2694 579 2718 uon
609 2680 790 2730 scriptam
819 2677 993 2714 adhiberi
1024 2674 1198 2722 vetabat,
1246 2675 1297 2711 ita
1326 2689 1384 2712 re-

283 2735 514 2786 spondebat:
542 2733 620 2770 Dic
647 2735 752 2781 prius
769 2760 779 2777 ,
809 2734 841 2768 si
869 2738 973 2766 recte
1002 2728 1077 2766 dict
1106 2736 1248 2778 putas:
1296 2729 1384 2765 nolo

285 2784 471 2826 atti-ersus
512 2799 612 2824 nova
655 2797 808 2823 venena
849 2795 972 2820 novas
1002 2781 1384 2819 medicamentorum

284 2843 632 2892 comparationes:
678 2837 768 2874 nolo
795 2836 984 2874 adversus
1013 2847 1130 2873 novos
1160 2833 1285 2872 hostes
1314 2847 1384 2872 no-

334 3009 378 3042 (n)
408 3000 569 3036 Min-anda
595 3009 646 3035 est
673 2997 790 3034 Sandii
811 2998 1051 3045 impudentia,
1076 2999 1134 3043 qui
1162 3007 1344 3044 postquam
1359 2997 1394 3032 in

287 3049 417 3081 R'ncleo
438 3050 533 3082 Hist.
562 3047 660 3081 Eccl.
689 3049 765 3080 Lib.
783 3050 806 3080 1.
834 3048 980 3091 probare
1000 3055 1143 3080 conatus
1170 3047 1281 3078 suerat
1297 3067 1308 3085 ,
1334 3057 1394 3078 an-

289 3103 322 3126 te
350 3096 481 3127 Nica‘ni
508 3095 654 3128 Concilii
681 3103 838 3138 tempora
863 3093 952 3125 hanc
978 3104 1098 3125 vocem
1123 3102 1315 3135 numquam
1334 3104 1395 3124 au-

289 3138 397 3171 ditam
427 3142 529 3172 fuisse
550 3162 560 3179 ,
587 3142 621 3172 in
653 3140 743 3173 libro
769 3148 883 3183 postea
908 3138 949 3170 de
978 3140 1108 3180 Script.
1134 3137 1235 3170 Eccl.
1261 3149 1294 3182 p.
1318 3148 1393 3170 121.

293 3185 442 3217 scribere
469 3197 569 3217 ansus
594 3194 644 3218 est
663 3207 672 3224 ,
697 3187 751 3217 vel
766 3187 878 3229 ipsum
907 3184 1136 3218 Athanasium
1165 3185 1293 3224 fateri,
1319 3195 1395 3216 eam

290 3241 411 3262 vocem
438 3232 589 3273 primum
616 3232 650 3263 in
676 3232 834 3264 Concilio
859 3230 1002 3264 Nic‘aeno
1027 3231 1132 3262 fuisse
1159 3242 1278 3262 cusam
1295 3253 1302 3261 .

335 3277 382 3314 (b)
407 3276 673 3308 Eruditissimns
698 3278 751 3308 Jo.
781 3277 920 3309 Lamins
946 3277 980 3308 in
1006 3274 1297 3320 Ephemeridilms
1324 3275 1395 3307 suis

290 3323 372 3354 anni
402 3321 500 3364 1760.
531 3320 630 3353 Tem.
652 3321 750 3354 XXI.
776 3333 853 3365 pag.
876 3323 957 3365 577.
982 3321 1102 3355 iaudat
1123 3333 1208 3366 opus
1227 3319 1395 3354 ineditum

1003 106 1404 153 DISSERTATIO
1437 109 1513 153 ΠΙ.
1548 108 1675 151 CAP.
1709 108 1766 150 Χ.

1441 201 1489 226 φα.
1518 186 1617 224 bella
1633 201 1648 230 ;
1695 185 1786 221 nolo
1814 183 2001 222 adversus
2031 198 2153 224 novas
2182 184 2348 224 insidias
2376 190 2543 229 consilia

1440 244 1645 278 recentia.
1675 238 1731 275 Ac
1760 238 1909 276 tandem
1939 237 2036 275 illud
2065 242 2181 291 repeti
2213 248 2353 291 potest,
2383 244 2483 292 quod
2502 244 2544 281 S.

1438 293 1669 344 Augustinus
1689 289 1836 327 alicubi
1865 288 1999 326 habet:
2029 290 2136 328 Nihil
2165 303 2221 330 est
2241 298 2544 344 contentiosius,

1438 359 1559 396 quam
1588 343 1647 380 ubi
1675 343 1724 380 cle
1751 355 1794 380 re
1822 350 2006 389 constat,
2035 353 2191 382 certare
2219 346 2266 383 cle
2295 350 2482 386 nomine.

1492 398 1584 448 572.
1615 395 1706 446 Obj.
1737 395 1927 433 secundo.
1973 394 2146 447 Synodus
2175 398 2408 437 Antiochena
2445 411 2546 440 anno

1441 450 1556 501 269.,
1595 449 1653 487 vel
1685 462 1776 500 270.
1805 448 1901 485 hanc
1930 460 2059 485 vocem
2089 450 2425 490 condemnaverat:
2472 466 2546 492 non

1437 504 1554 554 igitur
1582 502 1784 554 prudenter
1812 516 1833 538 a
1863 500 2036 539 Patribus
2056 502 2222 539 Nicaenis
2250 503 2420 543 adhibita
2448 507 2546 545 fuit.

1491 555 1583 606 575.
1615 555 1723 606 Resp.
1754 555 1905 606 primo,
1936 568 2072 604 parum
2094 555 2133 592 id
2162 555 2371 593 verisimile
2401 560 2546 607 videri,

1438 608 1472 644 ἃ
1501 608 1655 658 quidem
1686 606 1862 659 pluribus
1881 608 1927 643 de
1957 610 2078 644 causis
2095 634 2105 644 .
2135 608 2234 645 Nam
2251 611 2376 660 primo
2397 620 2546 650 certum

1437 670 1514 708 est,
1544 670 1628 697 ante
1656 662 1787 698 decem
1815 661 1966 697 circiter
1995 674 2113 698 annos
2131 661 2364 712 Dionysium
2383 662 2548 702 Alexan-

1437 714 1592 750 drinum
1626 715 1737 751 fuisse
1775 713 1875 766 apud
1904 712 1978 750 sibi
2021 716 2284 765 cognominem
2314 715 2546 768 Dionysium

1436 765 1547 803 Rom.
1580 765 1715 804 l’ontif.
1745 774 1958 803 accusatum
1978 795 1988 813 ,
2031 767 2131 817 quod
2162 767 2306 806 Filium
2336 782 2412 805 non
2441 771 2546 807 dice-

1435 827 1491 856 ret
1518 819 1629 856 Patri
1658 817 2036 857 consubstantialem
2053 848 2063 866 ,
2112 821 2366 873 eumdemque
2395 822 2545 874 Diony-

1437 874 1534 910 sium
1553 902 1562 919 ,
1614 882 1651 909 ut
1679 873 1797 910 fidem
1826 886 1932 910 suam
1965 871 2074 922 plene
2105 882 2308 924 purgaret,
2351 873 2547 912 Christum

1436 925 1647 977 appellasse
1675 926 1776 964 Patri
1820 935 1960 963 aeterno
2001 924 2406 964 consubstantialem.
2463 928 2546 966 Hoc

1436 988 1631 1030 tamquam
1675 979 1849 1017 omnibns
1892 977 2127 1030 exploratum
2166 979 2206 1017 S.
2236 978 2465 1018 Athanasius
2493 980 2546 1018 A-

1436 1033 1551 1069 rianis
1579 1033 1717 1082 saepius
1744 1031 1884 1083 objecit
1915 1034 1930 1082 (
1960 1031 2050 1068 Vid.
2080 1031 2161 1082 ejus
2191 1031 2347 1084 epistola
2375 1032 2422 1071 de
2450 1033 2548 1071 Sen-

1438 1088 1563 1122 tentia
1592 1085 1779 1137 Dionysii
1810 1086 1852 1133 ).
1902 1084 1948 1121 At
1977 1097 2066 1121 vero
2107 1087 2193 1137 quis
2221 1086 2374 1134 credat,
2423 1085 2548 1124 Patres

1437 1137 1690 1175 Antiochenos
1720 1147 1781 1175 aut
1810 1151 1890 1174 rem
1921 1137 2043 1184 hane,
2072 1151 2160 1189 quae
2191 1138 2352 1177 celebris
2378 1139 2482 1191 apud
2508 1152 2550 1175 o-

1439 1205 1543 1228 mnes
1575 1200 1678 1238 erat,
1709 1192 1919 1241 ignorasse,
1956 1198 2020 1227 aut
2051 1188 2180 1227 honori
2208 1192 2372 1228 duarum
2402 1193 2550 1243 princi-

1439 1257 1534 1295 pum
1550 1243 1808 1280 Ecclesiarum
1827 1273 1837 1290 ,
1870 1242 2048 1279 Romanae
2070 1242 2211 1281 scilicet
2227 1274 2238 1291 ,
2267 1244 2301 1280 8(
2321 1243 2549 1282 Alexandri-
2567 1286 2572 1287 ⁷

1441 1310 1524 1343 nae,
1573 1297 1699 1333 minus
1728 1294 1942 1332 consultum
1979 1292 2172 1341 voluisse,
2218 1297 2434 1334 damnando
2463 1311 2548 1334 eam

1442 1362 1574 1386 vocem
1592 1378 1603 1396 ,
1641 1361 1717 1399 qua
1745 1346 1885 1384 Christi
1914 1346 2094 1383 divinitas
2122 1346 2171 1383 ab
2200 1347 2248 1384 iis
2277 1347 2398 1385 fuerat
2423 1349 2549 1388 decla—

1443 1399 1551 1437 rata?
1600 1401 1698 1438 Sane
1739 1408 1880 1451 quanto
1922 1399 2065 1437 honore
2102 1399 2276 1452 Synodus
2313 1400 2551 1439 Antiochena

1443 1452 1508 1491 has
1536 1454 1628 1491 duas
1656 1452 1849 1492 Ecclesias
1879 1461 2194 1504 prosequeretur,
2237 1452 2297 1490 vel
2327 1467 2373 1491 ex
2401 1466 2444 1491 eo
2472 1454 2551 1492 solo

1441 1505 1589 1559 liquet,
1626 1507 1728 1559 quod
1758 1506 1955 1558 epistolam
1984 1519 2090 1543 suam
2121 1505 2350 1557 Synodicam
2381 1508 2551 1544 nomina-

1443 1561 1513 1598 tim
1543 1559 1667 1597 eidem
1697 1559 1886 1612 Dionysio
1916 1558 2084 1596 Romano
2102 1588 2111 1606 ,
2148 1573 2262 1611 quem
2293 1561 2331 1597 in
2360 1561 2458 1599 vivis
2487 1560 2550 1597 ad-

1445 1613 1520 1650 huc
1550 1627 1626 1650 esse
1655 1613 1811 1664 putabat
1841 1613 1897 1663 (c)
1916 1642 1925 1659 ,
1974 1611 2007 1647 ἃ
2052 1611 2225 1649 Maximo
2255 1612 2431 1665 Dionysii
2462 1612 2552 1651 Ate·

1446 1667 1624 1704 xandrini
1656 1667 1860 1704 successori
1889 1666 2142 1716 inscripserit.

1501 1720 1592 1771 574.
1622 1718 1809 1756 Praeterea
1829 1719 2082 1756 damnationis
2113 1716 2226 1769 liujus
2257 1719 2357 1756 vocis
2385 1718 2492 1767 nulla
2513 1720 2553 1757 in

1444 1773 1616 1810 Concilio
1662 1772 1819 1810 Nicaeno
1865 1771 1914 1809 ab
1943 1772 2094 1810 Arianis
2134 1772 2232 1808 facta
2281 1781 2332 1809 est
2379 1773 2519 1810 mentio
2541 1801 2552 1819 ,

1445 1838 1680 1876 quamquam
1701 1838 1853 1863 omnem
1883 1833 2012 1862 contra
2041 1838 2125 1861 eam
2147 1826 2333 1862 moverint
2362 1825 2552 1875 lapidem.

1446 1879 1496 1915 At
1525 1891 1614 1915 vero
1641 1877 1825 1914 credibile
1854 1891 1902 1914 ne
1932 1886 2008 1924 est,
2058 1891 2141 1914 eam
2185 1890 2264 1913 rem
2293 1890 2422 1915 omnes
2451 1877 2553 1915 clam

1447 1931 1560 1967 fnisse
1578 1959 1588 1977 ,
1618 1944 1705 1981 quae
1735 1932 1887 1969 nonnisi
1917 1939 2000 1967 ante
2033 1930 2094 1968 55.
2124 1943 2239 1968 annos
2268 1939 2366 1980 gesta
2396 1929 2552 1968 fuerat?

1449 1983 1574 2030 Nam,
1605 1992 1644 2021 ut
1673 1984 1718 2020 de
1746 1982 1831 2021 aliis
1861 1983 1992 2021 sileam
2010 2013 2020 2031 ,
2057 1983 2247 2035 quomodo
2275 1984 2311 2020 id
2342 1984 2458 2021 latere
2486 1997 2554 2035 po-

1449 2045 1539 2074 terat
1559 2036 1766 2074 Eusebium
1800 2036 2021 2074 historicum
2039 2065 2048 2082 ,
2079 2038 2146 2088 qui
2175 2045 2272 2073 certe
2291 2037 2454 2075 Concilii
2475 2038 2554 2075 An-

1449 2088 1611 2126 tiocheni
1640 2088 1870 2141 Synodicam
1902 2090 2097 2141 epistolam
2127 2089 2296 2138 viderat,
2326 2090 2436 2140 cujus
2465 2091 2555 2127 insi-

1449 2155 1518 2192 gne
1538 2142 1790 2191 fragmentum
1807 2142 1913 2179 nobis
1929 2142 2081 2179 exhibet
2096 2142 2186 2179 Lib.
2205 2143 2290 2179 Vll.
2319 2143 2424 2181 Hist.
2440 2141 2555 2181 Eccl-

1450 2208 1535 2245 cap.
1558 2193 1652 2231 50.?
1682 2194 1793 2241 Quod
1821 2195 1851 2230 si
1866 2193 1981 2244 hujus
2010 2195 2112 2230 vocis
2131 2195 2325 2231 damnatio
2343 2194 2555 2234 Eusebium

1451 2245 1696 2295 nonlatebat,
1727 2248 1870 2284 mirum
1886 2257 1983 2286 certe
1999 2256 2074 2294 est,
2105 2259 2193 2284 eum
2218 2246 2287 2284 hoc
2316 2248 2558 2300 potissimum

1449 2308 1671 2350 argumento
1711 2308 1841 2352 contra
1871 2302 2037 2352 ἑμοέσισν
2065 2313 2140 2338 non
2176 2313 2387 2351 pugnasse,
2434 2314 2522 2338 cum
2545 2331 2556 2348 ,

1448 2361 1536 2390 teste
1566 2352 1716 2390 Socrate
1745 2352 1833 2391 Lib.
1855 2352 1884 2390 l.
1922 2352 2027 2391 Hist.
2057 2351 2170 2390 Eccl.
2198 2368 2232 2390 c.
2254 2353 2292 2391 8.
2321 2354 2409 2402 diu,
2457 2353 2558 2392 mul-

1451 2414 1609 2458 tumque
1639 2405 1730 2444 huic
1759 2406 1843 2445 voci
1871 2405 2076 2444 reluctatus
2105 2407 2244 2444 fuerit.

1508 2460 1599 2511 575.
1628 2459 1762 2511 Neque
1783 2471 1870 2497 vero
1898 2461 1982 2511 quis
2009 2459 2192 2510 objiciat,
2221 2459 2262 2498 S.
2284 2459 2558 2509 Athanasium,

1453 2513 1650 2551 Hilarium
1667 2542 1677 2561 ,
1707 2512 1741 2548 &
1769 2511 1954 2550 Basilium
1975 2511 2046 2550 hac
2076 2514 2315 2565 responsione
2335 2526 2418 2551 usos
2446 2514 2558 2551 mini-

1452 2581 1513 2604 me
1542 2568 1683 2614 fuisse,
1714 2579 1801 2618 quae
1833 2575 1959 2604 tamen
1986 2567 2017 2603 si
2046 2579 2134 2603 vera
2164 2575 2241 2614 est,
2278 2575 2329 2604 est
2358 2568 2471 2605 etiam
2503 2567 2558 2603 fa-

1451 2620 1626 2665 cillima3
1655 2619 1717 2656 sed
1748 2620 1872 2671 potius
1901 2618 1971 2657 hoc
2002 2633 2121 2657 unum
2153 2621 2302 2658 Arianis
2331 2621 2557 2672 reposuisse,

1451 2672 1548 2711 hanc
1577 2686 1710 2710 vocem
1731 2673 1769 2709 in
1800 2685 1917 2724 pravo
1936 2671 2045 2710 Pauli
2065 2671 2298 2712 Samosateni
2325 2686 2434 2712 sensu
2462 2672 2555 2709 fuis-

1452 2741 1489 2764 se
1516 2727 1734 2764 damnatam
1751 2751 1761 2762 .

1506 2780 1597 2830 576.
1629 2777 1848 2830 Respondeo
1876 2780 2004 2827 enim,
2043 2779 2157 2816 fnisse
2186 2792 2245 2816 eos
2273 2779 2312 2818 S.
2343 2778 2467 2816 Patres
2495 2779 2559 2816 de-

1451 2842 1576 2884 ceptos
1604 2831 1716 2870 malis
1745 2831 2071 2871 semiarianorum
2101 2832 2326 2880 fraudibus,
2365 2846 2387 2869 a
2414 2831 2558 2886 quibus

2424 2888 2505 2939 pri-

1463 2996 1651 3029 Clementis
1677 2992 1931 3035 Alexandrini,
1957 2995 2012 3027 cui
2042 2990 2182 3026 titulus.
2209 2988 2280 3038 ὅροι
2303 2993 2460 3040 διάφοροι
2485 2993 2559 3025 De-

1453 3044 1639 3087 finitiones
1657 3044 1797 3074 clioersae
1813 3064 1824 3082 ‚
1849 3044 1882 3075 in
1901 3053 1970 3085 quo
1988 3041 2095 3073 Filius
2112 3039 2241 3072 dicitnr
2262 3037 2352 3070 Pan-i
2370 3035 2535 3080 ὄμιρίσιος
2551 3060 2561 3068 .

1513 3093 1560 3127 tc)
1583 3089 1651 3131 Qui
1670 3095 1785 3121 tamen
1801 3087 1995 3132 reipsajam
2022 3086 2093 3118 vita
2108 3088 2245 3118 functus
2265 3092 2338 3116 erat
2355 3106 2363 3114 .
2391 3083 2439 3115 De
2454 3082 2560 3126 ipsius

1463 3146 1552 3167 anno
1576 3134 1758 3166 emortuali
1786 3146 1850 3166 non
1878 3133 2096 3165 consentiunt
2121 3131 2300 3164 historici.
2329 3126 2498 3162 Sandinus
2525 3129 2562 3162 in

1464 3183 1545 3214 vitis
1572 3179 1662 3211 Rom.
1691 3178 1919 3223 Pontificum,
1960 3190 2027 3210 nna
2054 3190 2133 3211 cnm
2158 3177 2330 3216 Batonio,
2372 3177 2402 3206 δι
2430 3174 2530 3218 Pugio
2548 3196 2559 3215 ,

1464 3226 1621 3267 Dionysii
1649 3234 1795 3258 mortem
1833 3225 1954 3257 statuit
1981 3223 2021 3256 ad
2048 3225 2123 3257 Vn.
2151 3224 2229 3256 Kal.
2256 3224 2333 3255 Jan.
2374 3232 2453 3253 ann.
2480 3231 2559 3263 272.

1465 3270 1659 3305 Cal-(linaiis
1699 3279 1814 3304 autem
1840 3271 1961 3304 Orsins
1998 3271 2031 3303 in
2057 3283 2118 3304 sna
2143 3266 2240 3304 Hist.
2268 3268 2369 3302 Eccl.
2395 3266 2438 3299 ad
2467 3265 2559 3299 diem

1466 3317 1521 3352 26.
1548 3316 1749 3350 Decembris
1776 3317 1854 3351 anni
1884 3316 1961 3359 269.
