<?xml version="1.0" encoding="UTF-8"?>
<!DOCTYPE html PUBLIC "-//W3C//DTD XHTML 1.0 Transitional//EN"
    "http://www.w3.org/TR/xhtml1/DTD/xhtml1-transitional.dtd">
<html xmlns="http://www.w3.org/1999/xhtml" xml:lang="en" lang="en">
 <head>
  <title>
</title>
<meta http-equiv="Content-Type" content="text/html;charset=utf-8" />
  <meta name='ocr-system' content='tesseract 3.04.00' />
  <meta name='ocr-capabilities' content='ocr_page ocr_carea ocr_par ocr_line ocrx_word'/>
</head>
<body>
  <div class='ocr_page' id='page_1' title='image "./fratrispetrimari02gazzuoft/fratrispetrimari02gazzuoft_0467.png"; bbox 0 0 2577 3633; ppageno 0'>
   <div class='ocr_carea' id='block_1_1' title="bbox 663 135 1854 194">
    <p class='ocr_par' dir='ltr' id='par_1_1' title="bbox 663 135 1854 194">
     <span class='ocr_line' id='line_1_1' title="bbox 663 135 1854 194; baseline -0.003 -11"><span class='ocrx_word' id='word_1_1' title='bbox 663 136 1038 186; x_wconf 85' lang='lat' dir='ltr'><strong>SOLVUNTUR</strong></span> <span class='ocrx_word' id='word_1_2' title='bbox 1071 135 1369 193; x_wconf 70' lang='lat' dir='ltr'><strong>QUAEDAM</strong></span> <span class='ocrx_word' id='word_1_3' title='bbox 1407 135 1854 194; x_wconf 77' lang='lat' dir='ltr'><strong>QUAESTIONES.</strong></span> 
     </span>
    </p>
   </div>
   <div class='ocr_carea' id='block_1_2' title="bbox 112 215 1246 3424">
    <p class='ocr_par' dir='ltr' id='par_1_2' title="bbox 119 215 1246 696">
     <span class='ocr_line' id='line_1_2' title="bbox 129 215 1245 271; baseline -0.002 -13"><span class='ocrx_word' id='word_1_4' title='bbox 129 216 393 258; x_wconf 64' lang='lat' dir='ltr'><em>&#39;theodoretus</em></span> <span class='ocrx_word' id='word_1_5' title='bbox 409 215 498 257; x_wconf 88' lang='lat' dir='ltr'>Lib.</span> <span class='ocrx_word' id='word_1_6' title='bbox 515 216 566 258; x_wconf 90' lang='lat' dir='ltr'><em>V.</em></span> <span class='ocrx_word' id='word_1_7' title='bbox 595 216 878 258; x_wconf 80' lang='lat' dir='ltr'><em>lzaereticarum</em></span> <span class='ocrx_word' id='word_1_8' title='bbox 894 215 1138 271; x_wconf 79' lang='lat' dir='ltr'><em>fabularum</em></span> <span class='ocrx_word' id='word_1_9' title='bbox 1158 231 1245 269; x_wconf 80' lang='lat' dir='ltr'><em>cap.</em></span> 
     </span>
     <span class='ocr_line' id='line_1_3' title="bbox 126 269 1246 325; baseline -0.002 -15"><span class='ocrx_word' id='word_1_10' title='bbox 126 269 169 320; x_wconf 70' lang='grc'><em>4.</em></span> <span class='ocrx_word' id='word_1_11' title='bbox 216 272 387 319; x_wconf 82' lang='lat' dir='ltr'><strong>Quidam</strong></span> <span class='ocrx_word' id='word_1_12' title='bbox 416 282 543 310; x_wconf 88' lang='lat' dir='ltr'><em>autem</em></span> <span class='ocrx_word' id='word_1_13' title='bbox 572 273 683 325; x_wconf 75' lang='lat' dir='ltr'><em>pejus</em></span> <span class='ocrx_word' id='word_1_14' title='bbox 710 273 917 314; x_wconf 75' lang='lat' dir='ltr'><em>delirantes¹</em></span> <span class='ocrx_word' id='word_1_15' title='bbox 956 271 1093 311; x_wconf 87' lang='lat' dir='ltr'><em>mundi</em></span> <span class='ocrx_word' id='word_1_16' title='bbox 1124 270 1246 308; x_wconf 79' lang='lat' dir='ltr'><em>fabri-</em></span> 
     </span>
     <span class='ocr_line' id='line_1_4' title="bbox 123 324 1243 378; baseline -0.001 -16"><span class='ocrx_word' id='word_1_17' title='bbox 123 337 215 366; x_wconf 72' lang='lat' dir='ltr'><em>cam</em></span> <span class='ocrx_word' id='word_1_18' title='bbox 236 325 321 363; x_wconf 92' lang='lat' dir='ltr'><em>Deo</em></span> <span class='ocrx_word' id='word_1_19' title='bbox 350 325 478 375; x_wconf 83' lang='lat' dir='ltr'><em>malo,</em></span> <span class='ocrx_word' id='word_1_20' title='bbox 509 326 570 365; x_wconf 89' lang='lat' dir='ltr'><em>vel</em></span> <span class='ocrx_word' id='word_1_21' title='bbox 601 327 792 378; x_wconf 84' lang='lat' dir='ltr'><em>principio</em></span> <span class='ocrx_word' id='word_1_22' title='bbox 819 324 922 367; x_wconf 80' lang='lat' dir='ltr'><em>malo</em></span> <span class='ocrx_word' id='word_1_23' title='bbox 950 325 1243 373; x_wconf 81' lang='lat' dir='ltr'><em>adscribebant,</em></span> 
     </span>
     <span class='ocr_line' id='line_1_5' title="bbox 125 378 1243 428; baseline 0 -13"><span class='ocrx_word' id='word_1_24' title='bbox 125 386 168 418; x_wconf 83' lang='lat' dir='ltr'><em>nt</em></span> <span class='ocrx_word' id='word_1_25' title='bbox 187 378 310 419; x_wconf 89' lang='lat' dir='ltr'>Cerdo</span> <span class='ocrx_word' id='word_1_26' title='bbox 326 409 337 427; x_wconf 88' lang='lat'><em>,</em></span> <span class='ocrx_word' id='word_1_27' title='bbox 368 379 546 421; x_wconf 78' lang='lat' dir='ltr'><strong>Marcion</strong></span> <span class='ocrx_word' id='word_1_28' title='bbox 563 410 574 428; x_wconf 87' lang='lat'><em>,</em></span> <span class='ocrx_word' id='word_1_29' title='bbox 596 379 812 421; x_wconf 86' lang='lat' dir='ltr'><em>Manichaei</em></span> <span class='ocrx_word' id='word_1_30' title='bbox 829 409 840 428; x_wconf 92' lang='lat'><em>,</em></span> <span class='ocrx_word' id='word_1_31' title='bbox 870 378 904 417; x_wconf 87' lang='lat'>&amp;</span> <span class='ocrx_word' id='word_1_32' title='bbox 921 378 1243 426; x_wconf 77' lang='lat' dir='ltr'><em>Priscilliauistae,</em></span> 
     </span>
     <span class='ocr_line' id='line_1_6' title="bbox 123 431 1242 485; baseline 0.003 -16"><span class='ocrx_word' id='word_1_33' title='bbox 123 438 257 470; x_wconf 80' lang='lat' dir='ltr'><em>eontra</em></span> <span class='ocrx_word' id='word_1_34' title='bbox 299 445 394 485; x_wconf 88' lang='lat' dir='ltr'><em>quos</em></span> <span class='ocrx_word' id='word_1_35' title='bbox 420 432 642 473; x_wconf 81' lang='lat' dir='ltr'><strong>Concilium</strong></span> <span class='ocrx_word' id='word_1_36' title='bbox 673 434 902 473; x_wconf 83' lang='lat' dir='ltr'><em>Bracarense</em></span> <span class='ocrx_word' id='word_1_37' title='bbox 932 432 962 471; x_wconf 92' lang='lat' dir='ltr'><em>l.</em></span> <span class='ocrx_word' id='word_1_38' title='bbox 1006 431 1242 472; x_wconf 81' lang='lat' dir='ltr'><em>celebratum</em></span> 
     </span>
     <span class='ocr_line' id='line_1_7' title="bbox 122 484 1240 537; baseline -0.002 -13"><span class='ocrx_word' id='word_1_39' title='bbox 122 484 228 524; x_wconf 87' lang='lat' dir='ltr'><em>circa</em></span> <span class='ocrx_word' id='word_1_40' title='bbox 256 500 399 525; x_wconf 84' lang='lat' dir='ltr'><em>annum</em></span> <span class='ocrx_word' id='word_1_41' title='bbox 431 485 522 525; x_wconf 74' lang='lat'><em>563.</em></span> <span class='ocrx_word' id='word_1_42' title='bbox 554 487 605 525; x_wconf 87' lang='lat' dir='ltr'><em>ita</em></span> <span class='ocrx_word' id='word_1_43' title='bbox 632 487 831 530; x_wconf 78' lang='lat' dir='ltr'><em>definivit:</em></span> <span class='ocrx_word' id='word_1_44' title='bbox 873 486 916 524; x_wconf 87' lang='lat' dir='ltr'><em>Si</em></span> <span class='ocrx_word' id='word_1_45' title='bbox 944 490 1029 537; x_wconf 82' lang='lat' dir='ltr'><em>quis</em></span> <span class='ocrx_word' id='word_1_46' title='bbox 1067 485 1240 534; x_wconf 76' lang='lat' dir='ltr'><em>dixerit,</em></span> 
     </span>
     <span class='ocr_line' id='line_1_8' title="bbox 120 540 1243 593; baseline 0 -16"><span class='ocrx_word' id='word_1_47' title='bbox 120 542 371 577; x_wconf 84' lang='lat' dir='ltr'><em>creationem</em></span> <span class='ocrx_word' id='word_1_48' title='bbox 399 544 594 579; x_wconf 69' lang='lat' dir='ltr'><em>universae</em></span> <span class='ocrx_word' id='word_1_49' title='bbox 621 545 759 579; x_wconf 84' lang='lat' dir='ltr'><em>carnis</em></span> <span class='ocrx_word' id='word_1_50' title='bbox 787 553 868 578; x_wconf 84' lang='lat' dir='ltr'><em>non</em></span> <span class='ocrx_word' id='word_1_51' title='bbox 909 540 1111 593; x_wconf 83' lang='lat' dir='ltr'><em>opificium</em></span> <span class='ocrx_word' id='word_1_52' title='bbox 1153 552 1243 577; x_wconf 83' lang='lat' dir='ltr'><em>esse</em></span> 
     </span>
     <span class='ocr_line' id='line_1_9' title="bbox 122 590 1242 646; baseline -0.001 -14"><span class='ocrx_word' id='word_1_53' title='bbox 122 590 205 632; x_wconf 65' lang='lat' dir='ltr'><em>Dea·</em></span> <span class='ocrx_word' id='word_1_54' title='bbox 215 621 225 638; x_wconf 89' lang='lat'><em>,</em></span> <span class='ocrx_word' id='word_1_55' title='bbox 255 592 325 630; x_wconf 69' lang='lat' dir='ltr'><em>sed</em></span> <span class='ocrx_word' id='word_1_56' title='bbox 340 594 541 632; x_wconf 81' lang='lat' dir='ltr'><em>matorum</em></span> <span class='ocrx_word' id='word_1_57' title='bbox 557 594 802 646; x_wconf 78' lang='lat' dir='ltr'><em>Angelorum</em></span> <span class='ocrx_word' id='word_1_58' title='bbox 814 624 824 642; x_wconf 83' lang='lat'>‚</span> <span class='ocrx_word' id='word_1_59' title='bbox 845 597 945 631; x_wconf 82' lang='lat' dir='ltr'><em>sicut</em></span> <span class='ocrx_word' id='word_1_60' title='bbox 962 592 1242 642; x_wconf 76' lang='lat' dir='ltr'><em>Manicltaeus,</em></span> 
     </span>
     <span class='ocr_line' id='line_1_10' title="bbox 119 643 1079 696; baseline 0 -11"><span class='ocrx_word' id='word_1_61' title='bbox 119 644 174 685; x_wconf 70' lang='grc'><em>(9·</em></span> <span class='ocrx_word' id='word_1_62' title='bbox 204 643 481 684; x_wconf 82' lang='lat' dir='ltr'><em>Prisczllianus</em></span> <span class='ocrx_word' id='word_1_63' title='bbox 509 647 718 696; x_wconf 81' lang='lat' dir='ltr'><em>dixerunt,</em></span> <span class='ocrx_word' id='word_1_64' title='bbox 748 646 975 686; x_wconf 82' lang='lat' dir='ltr'><em>anatliema</em></span> <span class='ocrx_word' id='word_1_65' title='bbox 1002 651 1079 685; x_wconf 83' lang='lat' dir='ltr'><em>sit.</em></span> 
     </span>
    </p>

    <p class='ocr_par' dir='ltr' id='par_1_3' title="bbox 115 696 1240 1394">
     <span class='ocr_line' id='line_1_11' title="bbox 174 696 1240 754; baseline 0.001 -18"><span class='ocrx_word' id='word_1_66' title='bbox 174 696 244 736; x_wconf 88' lang='lat'><strong>60.</strong></span> <span class='ocrx_word' id='word_1_67' title='bbox 274 699 409 741; x_wconf 82' lang='lat' dir='ltr'><em>Facile</em></span> <span class='ocrx_word' id='word_1_68' title='bbox 452 710 579 743; x_wconf 85' lang='lat' dir='ltr'><em>autem</em></span> <span class='ocrx_word' id='word_1_69' title='bbox 608 701 722 754; x_wconf 82' lang='lat' dir='ltr'><em>prob.</em></span> <span class='ocrx_word' id='word_1_70' title='bbox 765 714 854 739; x_wconf 87' lang='lat' dir='ltr'><em>cum</em></span> <span class='ocrx_word' id='word_1_71' title='bbox 884 701 924 738; x_wconf 87' lang='lat' dir='ltr'><em>S.</em></span> <span class='ocrx_word' id='word_1_72' title='bbox 955 699 1108 739; x_wconf 77' lang='lat' dir='ltr'><em>Thoma</em></span> <span class='ocrx_word' id='word_1_73' title='bbox 1136 700 1166 738; x_wconf 84' lang='grc' dir='ltr'><em>Ι.</em></span> <span class='ocrx_word' id='word_1_74' title='bbox 1196 699 1240 741; x_wconf 83' lang='lat' dir='ltr'><em>P.</em></span> 
     </span>
     <span class='ocr_line' id='line_1_12' title="bbox 120 753 1239 805; baseline 0.004 -17"><span class='ocrx_word' id='word_1_75' title='bbox 120 762 260 803; x_wconf 82' lang='lat' dir='ltr'><em>quaest.</em></span> <span class='ocrx_word' id='word_1_76' title='bbox 289 753 356 804; x_wconf 71' lang='grc'><em>45.</em></span> <span class='ocrx_word' id='word_1_77' title='bbox 386 763 457 794; x_wconf 86' lang='lat' dir='ltr'><em>art.</em></span> <span class='ocrx_word' id='word_1_78' title='bbox 488 756 553 801; x_wconf 84' lang='lat'><em>5.‚</em></span> <span class='ocrx_word' id='word_1_79' title='bbox 601 754 752 796; x_wconf 85' lang='lat' dir='ltr'><em>nullam</em></span> <span class='ocrx_word' id='word_1_80' title='bbox 781 764 996 793; x_wconf 87' lang='lat' dir='ltr'><em>creaturam</em></span> <span class='ocrx_word' id='word_1_81' title='bbox 1026 768 1103 791; x_wconf 79' lang='lat' dir='ltr'><em>esse</em></span> <span class='ocrx_word' id='word_1_82' title='bbox 1135 766 1239 805; x_wconf 79' lang='lat' dir='ltr'><em>posse</em></span> 
     </span>
     <span class='ocr_line' id='line_1_13' title="bbox 120 806 1240 860; baseline 0 -15"><span class='ocrx_word' id='word_1_83' title='bbox 120 806 278 845; x_wconf 85' lang='lat' dir='ltr'><em>causam</em></span> <span class='ocrx_word' id='word_1_84' title='bbox 295 837 306 855; x_wconf 80' lang='lat'><em>,</em></span> <span class='ocrx_word' id='word_1_85' title='bbox 335 817 400 846; x_wconf 87' lang='lat' dir='ltr'><em>aut</em></span> <span class='ocrx_word' id='word_1_86' title='bbox 429 808 684 860; x_wconf 81' lang='lat' dir='ltr'>principalem</span> <span class='ocrx_word' id='word_1_87' title='bbox 701 840 713 858; x_wconf 83' lang='lat'><em>,</em></span> <span class='ocrx_word' id='word_1_88' title='bbox 753 816 820 846; x_wconf 89' lang='lat' dir='ltr'><em>aut</em></span> <span class='ocrx_word' id='word_1_89' title='bbox 847 807 980 846; x_wconf 88' lang='lat' dir='ltr'><em>saltem</em></span> <span class='ocrx_word' id='word_1_90' title='bbox 1010 810 1240 846; x_wconf 78' lang='lat' dir='ltr'><em>instrmneu-</em></span> 
     </span>
     <span class='ocr_line' id='line_1_14' title="bbox 119 858 1240 914; baseline 0 -17"><span class='ocrx_word' id='word_1_91' title='bbox 119 858 239 899; x_wconf 76' lang='lat' dir='ltr'><em>talem</em></span> <span class='ocrx_word' id='word_1_92' title='bbox 269 863 496 901; x_wconf 71' lang='lat' dir='ltr'><strong>creationis.</strong></span> <span class='ocrx_word' id='word_1_93' title='bbox 544 862 592 900; x_wconf 74' lang='lat' dir='ltr'><em>Et</em></span> <span class='ocrx_word' id='word_1_94' title='bbox 620 864 746 914; x_wconf 85' lang='lat' dir='ltr'><em>prima</em></span> <span class='ocrx_word' id='word_1_95' title='bbox 778 874 863 914; x_wconf 87' lang='lat' dir='ltr'><em>pars</em></span> <span class='ocrx_word' id='word_1_96' title='bbox 893 863 945 899; x_wconf 87' lang='lat' dir='ltr'><em>ita</em></span> <span class='ocrx_word' id='word_1_97' title='bbox 973 861 1023 899; x_wconf 88' lang='lat' dir='ltr'><em>ab</em></span> <span class='ocrx_word' id='word_1_98' title='bbox 1056 859 1240 912; x_wconf 84' lang='lat' dir='ltr'><em>Angelico</em></span> 
     </span>
     <span class='ocr_line' id='line_1_15' title="bbox 120 911 1239 967; baseline 0 -16"><span class='ocrx_word' id='word_1_99' title='bbox 120 911 264 951; x_wconf 78' lang='lat' dir='ltr'><em>invicte</em></span> <span class='ocrx_word' id='word_1_100' title='bbox 293 914 596 955; x_wconf 84' lang='lat' dir='ltr'><em>demonstratur:</em></span> <span class='ocrx_word' id='word_1_101' title='bbox 629 915 793 967; x_wconf 78' lang='lat' dir='ltr'><em>Oportet</em></span> <span class='ocrx_word' id='word_1_102' title='bbox 814 915 1114 954; x_wconf 76' lang='lat' dir='ltr'><em>universaliores</em></span> <span class='ocrx_word' id='word_1_103' title='bbox 1143 911 1239 960; x_wconf 80' lang='lat' dir='ltr'><em>effe-</em></span> 
     </span>
     <span class='ocr_line' id='line_1_16' title="bbox 120 966 1239 1018; baseline 0.003 -17"><span class='ocrx_word' id='word_1_104' title='bbox 120 973 209 1005; x_wconf 81' lang='lat' dir='ltr'><em>ctus</em></span> <span class='ocrx_word' id='word_1_105' title='bbox 238 971 279 1004; x_wconf 85' lang='lat' dir='ltr'><em>in</em></span> <span class='ocrx_word' id='word_1_106' title='bbox 309 970 612 1008; x_wconf 66' lang='lat' dir='ltr'><em>universaliores</em></span> <span class='ocrx_word' id='word_1_107' title='bbox 629 999 639 1017; x_wconf 87' lang='lat'><em>,</em></span> <span class='ocrx_word' id='word_1_108' title='bbox 668 970 717 1009; x_wconf 78' lang='grc'><em>(9·</em></span> <span class='ocrx_word' id='word_1_109' title='bbox 737 973 886 1018; x_wconf 79' lang='lat' dir='ltr'><em>priores</em></span> <span class='ocrx_word' id='word_1_110' title='bbox 915 979 1062 1013; x_wconf 79' lang='lat' dir='ltr'><em>causas</em></span> <span class='ocrx_word' id='word_1_111' title='bbox 1079 966 1239 1004; x_wconf 74' lang='lat' dir='ltr'><em>reduce-</em></span> 
     </span>
     <span class='ocr_line' id='line_1_17' title="bbox 117 1019 1239 1067; baseline 0.004 -12"><span class='ocrx_word' id='word_1_112' title='bbox 117 1029 164 1056; x_wconf 77' lang='lat' dir='ltr'><em>re</em></span> <span class='ocrx_word' id='word_1_113' title='bbox 179 1033 193 1056; x_wconf 90' lang='lat'><em>.·</em></span> <span class='ocrx_word' id='word_1_114' title='bbox 221 1024 326 1059; x_wconf 83' lang='lat' dir='ltr'><em>inter</em></span> <span class='ocrx_word' id='word_1_115' title='bbox 354 1036 496 1060; x_wconf 86' lang='lat' dir='ltr'><em>omnes</em></span> <span class='ocrx_word' id='word_1_116' title='bbox 514 1031 650 1060; x_wconf 83' lang='lat' dir='ltr'><em>autem</em></span> <span class='ocrx_word' id='word_1_117' title='bbox 667 1019 833 1067; x_wconf 73' lang='lat' dir='ltr'><em>effectus</em></span> <span class='ocrx_word' id='word_1_118' title='bbox 853 1020 1239 1060; x_wconf 54' lang='lat' dir='ltr'><em>universalissimum</em></span> 
     </span>
     <span class='ocr_line' id='line_1_18' title="bbox 117 1074 1238 1125; baseline 0 -13"><span class='ocrx_word' id='word_1_119' title='bbox 117 1077 180 1112; x_wconf 78' lang='lat' dir='ltr'><em>est</em></span> <span class='ocrx_word' id='word_1_120' title='bbox 208 1077 336 1123; x_wconf 80' lang='lat' dir='ltr'><em>ipsum</em></span> <span class='ocrx_word' id='word_1_121' title='bbox 365 1089 476 1123; x_wconf 85' lang='lat' dir='ltr'><em>esse,</em></span> <span class='ocrx_word' id='word_1_122' title='bbox 505 1074 611 1112; x_wconf 81' lang='lat' dir='ltr'><em>unde</em></span> <span class='ocrx_word' id='word_1_123' title='bbox 638 1083 787 1125; x_wconf 78' lang='lat' dir='ltr'><em>oportet</em></span> <span class='ocrx_word' id='word_1_124' title='bbox 804 1104 815 1121; x_wconf 90' lang='lat'>‚</span> <span class='ocrx_word' id='word_1_125' title='bbox 854 1074 955 1123; x_wconf 77' lang='lat' dir='ltr'><em>quod</em></span> <span class='ocrx_word' id='word_1_126' title='bbox 983 1077 1033 1110; x_wconf 75' lang='lat' dir='ltr'><em>sit</em></span> <span class='ocrx_word' id='word_1_127' title='bbox 1061 1077 1238 1125; x_wconf 81' lang='lat' dir='ltr'><em>proprius</em></span> 
     </span>
     <span class='ocr_line' id='line_1_19' title="bbox 118 1124 1237 1178; baseline 0.001 -14"><span class='ocrx_word' id='word_1_128' title='bbox 118 1124 286 1174; x_wconf 79' lang='lat' dir='ltr'><em>effectus</em></span> <span class='ocrx_word' id='word_1_129' title='bbox 313 1133 460 1178; x_wconf 73' lang='lat' dir='ltr'><em>primae</em></span> <span class='ocrx_word' id='word_1_130' title='bbox 486 1128 536 1169; x_wconf 76' lang='grc'><em>(9·</em></span> <span class='ocrx_word' id='word_1_131' title='bbox 566 1129 921 1168; x_wconf 69' lang='lat' dir='ltr'><em>universalissimoe</em></span> <span class='ocrx_word' id='word_1_132' title='bbox 949 1140 1111 1174; x_wconf 82' lang='lat' dir='ltr'><em>causae,</em></span> <span class='ocrx_word' id='word_1_133' title='bbox 1146 1140 1237 1178; x_wconf 78' lang='lat' dir='ltr'><em>quoe</em></span> 
     </span>
     <span class='ocr_line' id='line_1_20' title="bbox 116 1178 1238 1228; baseline 0.001 -11"><span class='ocrx_word' id='word_1_134' title='bbox 116 1188 177 1217; x_wconf 83' lang='lat' dir='ltr'><em>est</em></span> <span class='ocrx_word' id='word_1_135' title='bbox 197 1178 310 1218; x_wconf 84' lang='lat' dir='ltr'><em>Deus</em></span> <span class='ocrx_word' id='word_1_136' title='bbox 330 1207 372 1220; x_wconf 92' lang='lat'><em>...</em></span> <span class='ocrx_word' id='word_1_137' title='bbox 402 1181 628 1221; x_wconf 78' lang='lat' dir='ltr'><em>Producere</em></span> <span class='ocrx_word' id='word_1_138' title='bbox 657 1190 794 1219; x_wconf 84' lang='lat' dir='ltr'><em>autem</em></span> <span class='ocrx_word' id='word_1_139' title='bbox 814 1193 901 1218; x_wconf 87' lang='lat' dir='ltr'><em>esse</em></span> <span class='ocrx_word' id='word_1_140' title='bbox 921 1179 1099 1218; x_wconf 81' lang='lat' dir='ltr'><em>absolute</em></span> <span class='ocrx_word' id='word_1_141' title='bbox 1117 1211 1127 1228; x_wconf 81' lang='grc'>,</span> <span class='ocrx_word' id='word_1_142' title='bbox 1157 1194 1238 1218; x_wconf 86' lang='grc' dir='ltr'><em>ηοη</em></span> 
     </span>
     <span class='ocr_line' id='line_1_21' title="bbox 115 1234 1236 1286; baseline -0.003 -11"><span class='ocrx_word' id='word_1_143' title='bbox 115 1235 357 1283; x_wconf 74' lang='lat' dir='ltr'><em>inquantum</em></span> <span class='ocrx_word' id='word_1_144' title='bbox 385 1243 445 1275; x_wconf 81' lang='lat' dir='ltr'><em>est</em></span> <span class='ocrx_word' id='word_1_145' title='bbox 475 1234 546 1272; x_wconf 80' lang='lat' dir='ltr'><em>hoc</em></span> <span class='ocrx_word' id='word_1_146' title='bbox 575 1235 634 1273; x_wconf 72' lang='lat' dir='ltr'><em>vel</em></span> <span class='ocrx_word' id='word_1_147' title='bbox 662 1235 766 1282; x_wconf 81' lang='lat' dir='ltr'><em>tale,</em></span> <span class='ocrx_word' id='word_1_148' title='bbox 814 1238 981 1286; x_wconf 80' lang='lat' dir='ltr'><em>pertinet</em></span> <span class='ocrx_word' id='word_1_149' title='bbox 1018 1234 1074 1272; x_wconf 78' lang='lat' dir='ltr'><em>ad</em></span> <span class='ocrx_word' id='word_1_150' title='bbox 1116 1238 1236 1272; x_wconf 85' lang='lat' dir='ltr'><em>ratio-</em></span> 
     </span>
     <span class='ocr_line' id='line_1_22' title="bbox 115 1287 1236 1341; baseline 0.004 -19"><span class='ocrx_word' id='word_1_151' title='bbox 115 1297 213 1324; x_wconf 81' lang='lat' dir='ltr'><em>nem</em></span> <span class='ocrx_word' id='word_1_152' title='bbox 229 1291 444 1327; x_wconf 76' lang='lat' dir='ltr'><em>creationis</em></span> <span class='ocrx_word' id='word_1_153' title='bbox 456 1304 471 1333; x_wconf 90' lang='lat'><em>;</em></span> <span class='ocrx_word' id='word_1_154' title='bbox 499 1287 605 1326; x_wconf 73' lang='lat' dir='ltr'><em>uncte</em></span> <span class='ocrx_word' id='word_1_155' title='bbox 622 1287 886 1341; x_wconf 77' lang='lat' dir='ltr'><em>manifestum</em></span> <span class='ocrx_word' id='word_1_156' title='bbox 902 1296 983 1340; x_wconf 75' lang='lat' dir='ltr'><em>est,</em></span> <span class='ocrx_word' id='word_1_157' title='bbox 1004 1287 1106 1340; x_wconf 80' lang='lat' dir='ltr'><em>quod</em></span> <span class='ocrx_word' id='word_1_158' title='bbox 1121 1300 1236 1327; x_wconf 80' lang='lat' dir='ltr'><em>crea-</em></span> 
     </span>
     <span class='ocr_line' id='line_1_23' title="bbox 116 1341 722 1394; baseline 0.01 -18"><span class='ocrx_word' id='word_1_159' title='bbox 116 1342 172 1377; x_wconf 77' lang='lat' dir='ltr'><em>tio</em></span> <span class='ocrx_word' id='word_1_160' title='bbox 201 1350 260 1379; x_wconf 85' lang='lat' dir='ltr'><em>est</em></span> <span class='ocrx_word' id='word_1_161' title='bbox 291 1346 452 1394; x_wconf 82' lang='lat' dir='ltr'><em>propria</em></span> <span class='ocrx_word' id='word_1_162' title='bbox 480 1349 587 1384; x_wconf 81' lang='lat' dir='ltr'><em>actio</em></span> <span class='ocrx_word' id='word_1_163' title='bbox 616 1341 695 1380; x_wconf 72' lang='lat' dir='ltr'><em>Dec·</em></span> <span class='ocrx_word' id='word_1_164' title='bbox 712 1369 722 1384; x_wconf 85' lang='grc'><em>.,</em></span> 
     </span>
    </p>

    <p class='ocr_par' dir='ltr' id='par_1_4' title="bbox 112 1392 1238 1770">
     <span class='ocr_line' id='line_1_24' title="bbox 171 1392 1235 1448; baseline 0.002 -17"><span class='ocrx_word' id='word_1_165' title='bbox 171 1392 238 1432; x_wconf 86' lang='lat'><strong>61.</strong></span> <span class='ocrx_word' id='word_1_166' title='bbox 269 1395 442 1435; x_wconf 82' lang='lat' dir='ltr'><em>Ulterius</em></span> <span class='ocrx_word' id='word_1_167' title='bbox 469 1396 517 1436; x_wconf 80' lang='lat' dir='ltr'><em>ad</em></span> <span class='ocrx_word' id='word_1_168' title='bbox 547 1395 837 1447; x_wconf 85' lang='lat' dir='ltr'><em>producendum</em></span> <span class='ocrx_word' id='word_1_169' title='bbox 866 1395 1013 1448; x_wconf 88' lang='lat' dir='ltr'><em>aliquid</em></span> <span class='ocrx_word' id='word_1_170' title='bbox 1036 1408 1082 1436; x_wconf 80' lang='lat' dir='ltr'><em>ex</em></span> <span class='ocrx_word' id='word_1_171' title='bbox 1111 1394 1235 1434; x_wconf 79' lang='lat' dir='ltr'><em>nihilo</em></span> 
     </span>
     <span class='ocr_line' id='line_1_25' title="bbox 113 1448 1234 1502; baseline 0.002 -17"><span class='ocrx_word' id='word_1_172' title='bbox 113 1448 326 1498; x_wconf 67' lang='lat' dir='ltr'><em>requiritur</em></span> <span class='ocrx_word' id='word_1_173' title='bbox 355 1449 476 1487; x_wconf 87' lang='lat' dir='ltr'><em>virtus</em></span> <span class='ocrx_word' id='word_1_174' title='bbox 505 1449 685 1496; x_wconf 81' lang='lat' dir='ltr'><em>infinita3</em></span> <span class='ocrx_word' id='word_1_175' title='bbox 716 1458 841 1501; x_wconf 85' lang='lat' dir='ltr'><em>utpote</em></span> <span class='ocrx_word' id='word_1_176' title='bbox 870 1451 963 1502; x_wconf 87' lang='lat' dir='ltr'><em>qnia</em></span> <span class='ocrx_word' id='word_1_177' title='bbox 992 1462 1048 1489; x_wconf 88' lang='lat' dir='ltr'><em>res</em></span> <span class='ocrx_word' id='word_1_178' title='bbox 1068 1462 1142 1487; x_wconf 84' lang='lat' dir='ltr'><em>non</em></span> <span class='ocrx_word' id='word_1_179' title='bbox 1171 1462 1234 1487; x_wconf 82' lang='lat' dir='ltr'><em>ex·</em></span> 
     </span>
     <span class='ocr_line' id='line_1_26' title="bbox 115 1500 1238 1555; baseline 0.003 -16"><span class='ocrx_word' id='word_1_180' title='bbox 115 1500 283 1540; x_wconf 80' lang='lat' dir='ltr'><em>trahitur</em></span> <span class='ocrx_word' id='word_1_181' title='bbox 312 1515 358 1539; x_wconf 84' lang='lat' dir='ltr'><em>ex</em></span> <span class='ocrx_word' id='word_1_182' title='bbox 387 1501 520 1555; x_wconf 81' lang='lat' dir='ltr'><em>aliqua</em></span> <span class='ocrx_word' id='word_1_183' title='bbox 549 1504 713 1555; x_wconf 84' lang='lat' dir='ltr'><em>potentia</em></span> <span class='ocrx_word' id='word_1_184' title='bbox 731 1533 741 1549; x_wconf 91' lang='lat'>‚</span> <span class='ocrx_word' id='word_1_185' title='bbox 773 1512 812 1540; x_wconf 87' lang='lat' dir='ltr'><em>ut</em></span> <span class='ocrx_word' id='word_1_186' title='bbox 831 1503 1013 1553; x_wconf 78' lang='lat' dir='ltr'><em>contingit</em></span> <span class='ocrx_word' id='word_1_187' title='bbox 1041 1503 1081 1541; x_wconf 94' lang='lat' dir='ltr'><em>in</em></span> <span class='ocrx_word' id='word_1_188' title='bbox 1104 1503 1238 1542; x_wconf 76' lang='lat' dir='ltr'><em>formis</em></span> 
     </span>
     <span class='ocr_line' id='line_1_27' title="bbox 112 1554 1236 1611; baseline -0.001 -16"><span class='ocrx_word' id='word_1_189' title='bbox 112 1554 456 1602; x_wconf 68' lang='lat' dir='ltr'><em>substantialibus,</em></span> <span class='ocrx_word' id='word_1_190' title='bbox 491 1555 525 1594; x_wconf 78' lang='lat'><em>8&lt;</em></span> <span class='ocrx_word' id='word_1_191' title='bbox 554 1555 882 1604; x_wconf 84' lang='lat' dir='ltr'><em>accidentalibus,</em></span> <span class='ocrx_word' id='word_1_192' title='bbox 910 1569 1000 1611; x_wconf 78' lang='lat' dir='ltr'><em>quae</em></span> <span class='ocrx_word' id='word_1_193' title='bbox 1021 1556 1236 1595; x_wconf 84' lang='lat' dir='ltr'><em>educuntur</em></span> 
     </span>
     <span class='ocr_line' id='line_1_28' title="bbox 119 1610 1236 1663; baseline 0.004 -19"><span class='ocrx_word' id='word_1_194' title='bbox 119 1620 166 1644; x_wconf 83' lang='lat' dir='ltr'><em>ex</em></span> <span class='ocrx_word' id='word_1_195' title='bbox 195 1610 362 1662; x_wconf 73' lang='lat' dir='ltr'><em>potentia,</em></span> <span class='ocrx_word' id='word_1_196' title='bbox 390 1611 561 1651; x_wconf 79' lang='lat' dir='ltr'><em>materiae</em></span> <span class='ocrx_word' id='word_1_197' title='bbox 580 1640 591 1658; x_wconf 85' lang='lat'><em>,</em></span> <span class='ocrx_word' id='word_1_198' title='bbox 622 1611 659 1649; x_wconf 88' lang='lat' dir='ltr'><em>in</em></span> <span class='ocrx_word' id='word_1_199' title='bbox 690 1624 766 1663; x_wconf 81' lang='lat' dir='ltr'><em>qna</em></span> <span class='ocrx_word' id='word_1_200' title='bbox 794 1610 1108 1648; x_wconf 75' lang='lat' dir='ltr'><em>continebantur.</em></span> <span class='ocrx_word' id='word_1_201' title='bbox 1136 1611 1236 1648; x_wconf 87' lang='lat' dir='ltr'><em>Cum</em></span> 
     </span>
     <span class='ocr_line' id='line_1_29' title="bbox 116 1661 1238 1715; baseline 0.002 -16"><span class='ocrx_word' id='word_1_202' title='bbox 116 1661 235 1712; x_wconf 83' lang='lat' dir='ltr'><em>igitur</em></span> <span class='ocrx_word' id='word_1_203' title='bbox 261 1671 427 1712; x_wconf 85' lang='lat' dir='ltr'><em>constet,</em></span> <span class='ocrx_word' id='word_1_204' title='bbox 457 1662 604 1705; x_wconf 86' lang='lat' dir='ltr'><em>nullam</em></span> <span class='ocrx_word' id='word_1_205' title='bbox 625 1673 840 1702; x_wconf 84' lang='lat' dir='ltr'><em>creaturam</em></span> <span class='ocrx_word' id='word_1_206' title='bbox 861 1677 1044 1715; x_wconf 79' lang='lat' dir='ltr'><em>capacem</em></span> <span class='ocrx_word' id='word_1_207' title='bbox 1064 1677 1139 1702; x_wconf 84' lang='lat' dir='ltr'><em>esse</em></span> <span class='ocrx_word' id='word_1_208' title='bbox 1159 1665 1238 1705; x_wconf 71' lang='lat' dir='ltr'><em>vir-</em></span> 
     </span>
     <span class='ocr_line' id='line_1_30' title="bbox 119 1715 963 1770; baseline 0 -15"><span class='ocrx_word' id='word_1_209' title='bbox 119 1716 209 1755; x_wconf 81' lang='lat' dir='ltr'><em>tutis</em></span> <span class='ocrx_word' id='word_1_210' title='bbox 239 1715 403 1754; x_wconf 80' lang='lat' dir='ltr'><em>infinitae</em></span> <span class='ocrx_word' id='word_1_211' title='bbox 421 1747 432 1764; x_wconf 89' lang='lat'><em>,</em></span> <span class='ocrx_word' id='word_1_212' title='bbox 462 1719 634 1770; x_wconf 79' lang='lat' dir='ltr'><em>sequitur</em></span> <span class='ocrx_word' id='word_1_213' title='bbox 663 1718 862 1756; x_wconf 83' lang='lat' dir='ltr'><em>manifeste</em></span> <span class='ocrx_word' id='word_1_214' title='bbox 891 1716 963 1755; x_wconf 74' lang='lat' dir='ltr'><em>&amp;c-</em></span> 
     </span>
    </p>

    <p class='ocr_par' dir='ltr' id='par_1_5' title="bbox 114 1768 1240 2354">
     <span class='ocr_line' id='line_1_31' title="bbox 173 1768 1240 1822; baseline 0.002 -15"><span class='ocrx_word' id='word_1_215' title='bbox 173 1768 240 1807; x_wconf 74' lang='grc'><em>65.</em></span> <span class='ocrx_word' id='word_1_216' title='bbox 271 1770 374 1811; x_wconf 86' lang='lat' dir='ltr'><em>Hinc</em></span> <span class='ocrx_word' id='word_1_217' title='bbox 403 1769 444 1808; x_wconf 91' lang='lat' dir='ltr'><em>S.</em></span> <span class='ocrx_word' id='word_1_218' title='bbox 477 1773 633 1822; x_wconf 82' lang='lat' dir='ltr'><em>August.</em></span> <span class='ocrx_word' id='word_1_219' title='bbox 655 1771 828 1813; x_wconf 74' lang='lat' dir='ltr'><em>Lib.1,11.</em></span> <span class='ocrx_word' id='word_1_220' title='bbox 857 1770 907 1808; x_wconf 80' lang='lat' dir='ltr'><em>de</em></span> <span class='ocrx_word' id='word_1_221' title='bbox 938 1768 1133 1808; x_wconf 84' lang='lat' dir='ltr'><em>Trinitate</em></span> <span class='ocrx_word' id='word_1_222' title='bbox 1152 1783 1240 1822; x_wconf 78' lang='lat' dir='ltr'><em>cap.</em></span> 
     </span>
     <span class='ocr_line' id='line_1_32' title="bbox 118 1821 1240 1877; baseline 0 -18"><span class='ocrx_word' id='word_1_223' title='bbox 118 1821 160 1859; x_wconf 79' lang='lat'><em>8.</em></span> <span class='ocrx_word' id='word_1_224' title='bbox 191 1822 224 1858; x_wconf 85' lang='lat'>&amp;</span> <span class='ocrx_word' id='word_1_225' title='bbox 254 1835 294 1874; x_wconf 79' lang='lat'><em>9.</em></span> <span class='ocrx_word' id='word_1_226' title='bbox 324 1823 438 1864; x_wconf 85' lang='lat' dir='ltr'><em>Tom.</em></span> <span class='ocrx_word' id='word_1_227' title='bbox 469 1823 574 1861; x_wconf 90' lang='lat' dir='ltr'><em>Vlll.</em></span> <span class='ocrx_word' id='word_1_228' title='bbox 602 1825 782 1873; x_wconf 79' lang='lat' dir='ltr'><em>ostendit,</em></span> <span class='ocrx_word' id='word_1_229' title='bbox 813 1838 938 1877; x_wconf 86' lang='lat' dir='ltr'><em>neque</em></span> <span class='ocrx_word' id='word_1_230' title='bbox 965 1823 1086 1862; x_wconf 84' lang='lat' dir='ltr'><em>malos</em></span> <span class='ocrx_word' id='word_1_231' title='bbox 1117 1824 1240 1873; x_wconf 83' lang='lat' dir='ltr'><em>Ange-</em></span> 
     </span>
     <span class='ocr_line' id='line_1_33' title="bbox 117 1873 1239 1929; baseline -0.001 -17"><span class='ocrx_word' id='word_1_232' title='bbox 117 1873 201 1923; x_wconf 85' lang='lat' dir='ltr'><em>los,</em></span> <span class='ocrx_word' id='word_1_233' title='bbox 231 1890 357 1928; x_wconf 84' lang='lat' dir='ltr'><em>neque</em></span> <span class='ocrx_word' id='word_1_234' title='bbox 386 1877 503 1916; x_wconf 84' lang='lat' dir='ltr'><em>bonos</em></span> <span class='ocrx_word' id='word_1_235' title='bbox 533 1892 611 1915; x_wconf 78' lang='lat' dir='ltr'><em>esse</em></span> <span class='ocrx_word' id='word_1_236' title='bbox 640 1891 746 1929; x_wconf 84' lang='lat' dir='ltr'><em>posse</em></span> <span class='ocrx_word' id='word_1_237' title='bbox 775 1877 941 1927; x_wconf 68' lang='lat' dir='ltr'><em>alit-ujus</em></span> <span class='ocrx_word' id='word_1_238' title='bbox 956 1878 1010 1914; x_wconf 90' lang='lat' dir='ltr'><em>rei</em></span> <span class='ocrx_word' id='word_1_239' title='bbox 1031 1886 1239 1920; x_wconf 83' lang='lat' dir='ltr'><em>creatores3</em></span> 
     </span>
     <span class='ocr_line' id='line_1_34' title="bbox 117 1926 1240 1976; baseline 0 -11"><span class='ocrx_word' id='word_1_240' title='bbox 117 1926 153 1965; x_wconf 76' lang='grc' dir='ltr'>ἃ</span> <span class='ocrx_word' id='word_1_241' title='bbox 184 1929 274 1967; x_wconf 87' lang='lat' dir='ltr'><em>Lib.</em></span> <span class='ocrx_word' id='word_1_242' title='bbox 305 1929 375 1968; x_wconf 84' lang='lat' dir='ltr'><em>XI.</em></span> <span class='ocrx_word' id='word_1_243' title='bbox 419 1930 468 1969; x_wconf 82' lang='lat' dir='ltr'><em>de</em></span> <span class='ocrx_word' id='word_1_244' title='bbox 500 1930 608 1968; x_wconf 59' lang='lat' dir='ltr'><em>Citii.</em></span> <span class='ocrx_word' id='word_1_245' title='bbox 640 1930 718 1970; x_wconf 81' lang='lat' dir='ltr'><em>Dei</em></span> <span class='ocrx_word' id='word_1_246' title='bbox 758 1945 794 1968; x_wconf 91' lang='lat' dir='ltr'><em>c.</em></span> <span class='ocrx_word' id='word_1_247' title='bbox 824 1930 864 1976; x_wconf 74' lang='grc'><em>4.</em></span> <span class='ocrx_word' id='word_1_248' title='bbox 893 1929 942 1967; x_wconf 87' lang='grc' dir='ltr'><em>Τ.</em></span> <span class='ocrx_word' id='word_1_249' title='bbox 973 1929 1060 1968; x_wconf 86' lang='lat' dir='ltr'><em>Vll.</em></span> <span class='ocrx_word' id='word_1_250' title='bbox 1103 1926 1240 1965; x_wconf 79' lang='lat' dir='ltr'><em>Exce-</em></span> 
     </span>
     <span class='ocr_line' id='line_1_35' title="bbox 118 1981 1238 2034; baseline -0.001 -16"><span class='ocrx_word' id='word_1_251' title='bbox 118 1985 196 2033; x_wconf 80' lang='lat' dir='ltr'><em>ptis</em></span> <span class='ocrx_word' id='word_1_252' title='bbox 213 2012 224 2029; x_wconf 83' lang='lat'><em>,</em></span> <span class='ocrx_word' id='word_1_253' title='bbox 255 1983 409 2034; x_wconf 88' lang='lat' dir='ltr'><em>inquit,</em></span> <span class='ocrx_word' id='word_1_254' title='bbox 438 1983 672 2034; x_wconf 69' lang='lat' dir='ltr'><em>propheticis</em></span> <span class='ocrx_word' id='word_1_255' title='bbox 701 1982 852 2021; x_wconf 64' lang='lat' dir='ltr'><em>vocibus</em></span> <span class='ocrx_word' id='word_1_256' title='bbox 873 1981 1045 2019; x_wconf 77' lang='lat' dir='ltr'><em>mundus</em></span> <span class='ocrx_word' id='word_1_257' title='bbox 1075 1985 1157 2032; x_wconf 79' lang='lat' dir='ltr'><em>ipse</em></span> <span class='ocrx_word' id='word_1_258' title='bbox 1175 1994 1238 2018; x_wconf 87' lang='lat' dir='ltr'><em>or·</em></span> 
     </span>
     <span class='ocr_line' id='line_1_36' title="bbox 116 2034 1238 2083; baseline 0 -12"><span class='ocrx_word' id='word_1_259' title='bbox 116 2034 376 2078; x_wconf 65' lang='lat' dir='ltr'><em>elimatissima</em></span> <span class='ocrx_word' id='word_1_260' title='bbox 405 2049 480 2074; x_wconf 86' lang='lat' dir='ltr'><em>sua</em></span> <span class='ocrx_word' id='word_1_261' title='bbox 501 2036 720 2075; x_wconf 71' lang='lat' dir='ltr'><em>mobilitate</em></span> <span class='ocrx_word' id='word_1_262' title='bbox 738 2066 748 2083; x_wconf 84' lang='lat'><em>,</em></span> <span class='ocrx_word' id='word_1_263' title='bbox 778 2035 1065 2081; x_wconf 77' lang='lat' dir='ltr'><em>mutabilitate,</em></span> <span class='ocrx_word' id='word_1_264' title='bbox 1109 2034 1158 2074; x_wconf 69' lang='lat'><em>&lt;9¹</em></span> <span class='ocrx_word' id='word_1_265' title='bbox 1187 2037 1238 2072; x_wconf 76' lang='lat' dir='ltr'><em>Vi-</em></span> 
     </span>
     <span class='ocr_line' id='line_1_37' title="bbox 119 2086 1239 2137; baseline -0.001 -12"><span class='ocrx_word' id='word_1_266' title='bbox 119 2088 289 2125; x_wconf 67' lang='lat' dir='ltr'><em>sibilium</em></span> <span class='ocrx_word' id='word_1_267' title='bbox 318 2086 499 2125; x_wconf 72' lang='lat' dir='ltr'><em>omnium</em></span> <span class='ocrx_word' id='word_1_268' title='bbox 529 2089 797 2137; x_wconf 70' lang='lat' dir='ltr'><em>pulcherrima</em></span> <span class='ocrx_word' id='word_1_269' title='bbox 825 2090 954 2137; x_wconf 80' lang='lat' dir='ltr'><em>specie</em></span> <span class='ocrx_word' id='word_1_270' title='bbox 973 2086 1239 2137; x_wconf 74' lang='lat' dir='ltr'><em>quodammo—</em></span> 
     </span>
     <span class='ocr_line' id='line_1_38' title="bbox 118 2138 1237 2192; baseline -0.001 -14"><span class='ocrx_word' id='word_1_271' title='bbox 118 2140 170 2178; x_wconf 78' lang='lat' dir='ltr'><em>do</em></span> <span class='ocrx_word' id='word_1_272' title='bbox 199 2144 345 2178; x_wconf 84' lang='lat' dir='ltr'><em>tacitus</em></span> <span class='ocrx_word' id='word_1_273' title='bbox 373 2142 423 2185; x_wconf 97' lang='grc'><em>(9·</em></span> <span class='ocrx_word' id='word_1_274' title='bbox 441 2140 612 2192; x_wconf 82' lang='lat' dir='ltr'><em>factum</em></span> <span class='ocrx_word' id='word_1_275' title='bbox 641 2153 682 2177; x_wconf 86' lang='lat' dir='ltr'><em>se</em></span> <span class='ocrx_word' id='word_1_276' title='bbox 712 2153 798 2178; x_wconf 83' lang='lat' dir='ltr'><em>esse</em></span> <span class='ocrx_word' id='word_1_277' title='bbox 815 2168 825 2187; x_wconf 88' lang='lat'><em>,</em></span> <span class='ocrx_word' id='word_1_278' title='bbox 854 2146 904 2180; x_wconf 70' lang='grc'><em>(9·</em></span> <span class='ocrx_word' id='word_1_279' title='bbox 924 2143 1084 2177; x_wconf 84' lang='lat' dir='ltr'><em>nonnisi</em></span> <span class='ocrx_word' id='word_1_280' title='bbox 1104 2138 1237 2177; x_wconf 87' lang='lat' dir='ltr'><em>aDeo</em></span> 
     </span>
     <span class='ocr_line' id='line_1_39' title="bbox 117 2190 1235 2245; baseline -0.002 -13"><span class='ocrx_word' id='word_1_281' title='bbox 117 2192 400 2242; x_wconf 80' lang='lat' dir='ltr'><em>ineffabiliter,</em></span> <span class='ocrx_word' id='word_1_282' title='bbox 431 2202 550 2243; x_wconf 82' lang='lat' dir='ltr'><em>atque</em></span> <span class='ocrx_word' id='word_1_283' title='bbox 579 2192 817 2231; x_wconf 67' lang='lat' dir='ltr'><em>invisibiliter</em></span> <span class='ocrx_word' id='word_1_284' title='bbox 845 2206 1020 2245; x_wconf 80' lang='lat' dir='ltr'><em>magno,</em></span> <span class='ocrx_word' id='word_1_285' title='bbox 1051 2190 1235 2240; x_wconf 82' lang='lat' dir='ltr'><em>ineffabi-</em></span> 
     </span>
     <span class='ocr_line' id='line_1_40' title="bbox 116 2245 1234 2302; baseline 0.003 -17"><span class='ocrx_word' id='word_1_286' title='bbox 116 2248 231 2294; x_wconf 80' lang='lat' dir='ltr'><em>liter,</em></span> <span class='ocrx_word' id='word_1_287' title='bbox 261 2257 378 2299; x_wconf 80' lang='lat' dir='ltr'><em>atque</em></span> <span class='ocrx_word' id='word_1_288' title='bbox 408 2246 647 2285; x_wconf 73' lang='lat' dir='ltr'><em>invisibiliter</em></span> <span class='ocrx_word' id='word_1_289' title='bbox 673 2245 833 2297; x_wconf 75' lang='lat' dir='ltr'><em>pulchro</em></span> <span class='ocrx_word' id='word_1_290' title='bbox 856 2246 960 2300; x_wconf 85' lang='lat' dir='ltr'><em>fieri</em></span> <span class='ocrx_word' id='word_1_291' title='bbox 986 2259 1028 2284; x_wconf 81' lang='lat' dir='ltr'><em>se</em></span> <span class='ocrx_word' id='word_1_292' title='bbox 1065 2249 1234 2302; x_wconf 77' lang='lat' dir='ltr'><em>potuisse</em></span> 
     </span>
     <span class='ocr_line' id='line_1_41' title="bbox 114 2302 872 2354; baseline -0.003 -16"><span class='ocrx_word' id='word_1_293' title='bbox 114 2302 343 2354; x_wconf 81' lang='lat' dir='ltr'><em>proclamat</em></span> <span class='ocrx_word' id='word_1_294' title='bbox 359 2327 371 2338; x_wconf 91' lang='lat'><em>.</em></span> <span class='ocrx_word' id='word_1_295' title='bbox 865 2302 872 2305; x_wconf 81' lang='grc'><strong>’</strong></span> 
     </span>
    </p>

    <p class='ocr_par' dir='ltr' id='par_1_6' title="bbox 112 2353 1238 2993">
     <span class='ocr_line' id='line_1_42' title="bbox 169 2353 1233 2405; baseline -0.002 -11"><span class='ocrx_word' id='word_1_296' title='bbox 169 2355 235 2394; x_wconf 83' lang='grc'><em>65.</em></span> <span class='ocrx_word' id='word_1_297' title='bbox 267 2354 435 2393; x_wconf 78' lang='lat' dir='ltr'><em>Alteram</em></span> <span class='ocrx_word' id='word_1_298' title='bbox 465 2362 595 2392; x_wconf 86' lang='lat' dir='ltr'><em>autem</em></span> <span class='ocrx_word' id='word_1_299' title='bbox 625 2364 770 2404; x_wconf 85' lang='lat' dir='ltr'><em>partem</em></span> <span class='ocrx_word' id='word_1_300' title='bbox 790 2354 841 2392; x_wconf 89' lang='lat' dir='ltr'><em>ita</em></span> <span class='ocrx_word' id='word_1_301' title='bbox 856 2353 1233 2405; x_wconf 83' lang='lat' dir='ltr'><em>probatAngelicus:</em></span> 
     </span>
     <span class='ocr_line' id='line_1_43' title="bbox 121 2407 1232 2459; baseline -0.002 -12"><span class='ocrx_word' id='word_1_302' title='bbox 121 2408 260 2447; x_wconf 80' lang='lat' dir='ltr'><em>Causa</em></span> <span class='ocrx_word' id='word_1_303' title='bbox 288 2407 465 2448; x_wconf 76' lang='lat' dir='ltr'><em>secunda</em></span> <span class='ocrx_word' id='word_1_304' title='bbox 496 2408 815 2446; x_wconf 80' lang='lat' dir='ltr'><em>instrumentalis</em></span> <span class='ocrx_word' id='word_1_305' title='bbox 844 2421 923 2445; x_wconf 89' lang='lat' dir='ltr'><em>non</em></span> <span class='ocrx_word' id='word_1_306' title='bbox 952 2410 1167 2459; x_wconf 81' lang='lat' dir='ltr'><em>participat</em></span> <span class='ocrx_word' id='word_1_307' title='bbox 1187 2421 1232 2446; x_wconf 82' lang='lat' dir='ltr'><em>a·</em></span> 
     </span>
     <span class='ocr_line' id='line_1_44' title="bbox 113 2464 1233 2512; baseline -0.002 -12"><span class='ocrx_word' id='word_1_308' title='bbox 113 2466 289 2500; x_wconf 85' lang='lat' dir='ltr'><em>ctionem</em></span> <span class='ocrx_word' id='word_1_309' title='bbox 318 2474 456 2501; x_wconf 15' lang='lat' dir='ltr'><em>clausoe</em></span> <span class='ocrx_word' id='word_1_310' title='bbox 472 2465 680 2511; x_wconf 83' lang='lat' dir='ltr'><em>superioris</em></span> <span class='ocrx_word' id='word_1_311' title='bbox 698 2492 708 2509; x_wconf 93' lang='lat'><em>,</em></span> <span class='ocrx_word' id='word_1_312' title='bbox 737 2464 815 2499; x_wconf 86' lang='lat' dir='ltr'><em>nisi</em></span> <span class='ocrx_word' id='word_1_313' title='bbox 834 2464 876 2499; x_wconf 91' lang='lat' dir='ltr'><em>in</em></span> <span class='ocrx_word' id='word_1_314' title='bbox 890 2470 1086 2512; x_wconf 81' lang='lat' dir='ltr'><em>quantum</em></span> <span class='ocrx_word' id='word_1_315' title='bbox 1098 2473 1168 2511; x_wconf 85' lang='lat' dir='ltr'><em>per</em></span> <span class='ocrx_word' id='word_1_316' title='bbox 1187 2474 1233 2498; x_wconf 81' lang='lat' dir='ltr'><em>a-</em></span> 
     </span>
     <span class='ocr_line' id='line_1_45' title="bbox 118 2513 1231 2567; baseline -0.001 -14"><span class='ocrx_word' id='word_1_317' title='bbox 118 2516 240 2566; x_wconf 76' lang='lat' dir='ltr'><em>liquid</em></span> <span class='ocrx_word' id='word_1_318' title='bbox 270 2515 340 2558; x_wconf 82' lang='lat' dir='ltr'><em>sibi</em></span> <span class='ocrx_word' id='word_1_319' title='bbox 369 2519 568 2566; x_wconf 81' lang='lat' dir='ltr'><em>proprium</em></span> <span class='ocrx_word' id='word_1_320' title='bbox 597 2514 816 2567; x_wconf 60' lang='lat' dir='ltr'><em>dispositive</em></span> <span class='ocrx_word' id='word_1_321' title='bbox 844 2524 1030 2565; x_wconf 79' lang='lat' dir='ltr'><em>operatur</em></span> <span class='ocrx_word' id='word_1_322' title='bbox 1052 2513 1108 2555; x_wconf 80' lang='lat' dir='ltr'><em>ad</em></span> <span class='ocrx_word' id='word_1_323' title='bbox 1136 2513 1231 2563; x_wconf 81' lang='lat' dir='ltr'><em>effe-</em></span> 
     </span>
     <span class='ocr_line' id='line_1_46' title="bbox 112 2568 1234 2621; baseline 0.002 -16"><span class='ocrx_word' id='word_1_324' title='bbox 112 2578 224 2606; x_wconf 83' lang='lat' dir='ltr'><em>ctum</em></span> <span class='ocrx_word' id='word_1_325' title='bbox 253 2570 484 2620; x_wconf 78' lang='lat' dir='ltr'><em>principalis</em></span> <span class='ocrx_word' id='word_1_326' title='bbox 514 2572 674 2621; x_wconf 76' lang='lat' dir='ltr'><em>agentis</em></span> <span class='ocrx_word' id='word_1_327' title='bbox 704 2594 745 2608; x_wconf 89' lang='lat'><em>...</em></span> <span class='ocrx_word' id='word_1_328' title='bbox 789 2568 889 2610; x_wconf 82' lang='lat' dir='ltr'><em>Illud</em></span> <span class='ocrx_word' id='word_1_329' title='bbox 917 2577 1084 2616; x_wconf 81' lang='lat' dir='ltr'><em>autem,</em></span> <span class='ocrx_word' id='word_1_330' title='bbox 1130 2568 1234 2617; x_wconf 14' lang='lat' dir='ltr'><em>quoti,</em></span> 
     </span>
     <span class='ocr_line' id='line_1_47' title="bbox 114 2620 1231 2673; baseline -0.001 -12"><span class='ocrx_word' id='word_1_331' title='bbox 114 2631 174 2661; x_wconf 87' lang='lat' dir='ltr'><em>est</em></span> <span class='ocrx_word' id='word_1_332' title='bbox 216 2628 397 2673; x_wconf 84' lang='lat' dir='ltr'><em>proprius.</em></span> <span class='ocrx_word' id='word_1_333' title='bbox 440 2620 605 2670; x_wconf 84' lang='lat' dir='ltr'><em>effectus</em></span> <span class='ocrx_word' id='word_1_334' title='bbox 635 2621 712 2660; x_wconf 89' lang='lat' dir='ltr'><em>Dei</em></span> <span class='ocrx_word' id='word_1_335' title='bbox 755 2625 960 2671; x_wconf 83' lang='lat' dir='ltr'><em>creantis,</em></span> <span class='ocrx_word' id='word_1_336' title='bbox 1008 2631 1068 2659; x_wconf 83' lang='lat' dir='ltr'><em>est</em></span> <span class='ocrx_word' id='word_1_337' title='bbox 1105 2621 1231 2671; x_wconf 74' lang='lat' dir='ltr'><em>illud,</em></span> 
     </span>
     <span class='ocr_line' id='line_1_48' title="bbox 118 2674 1235 2727; baseline 0.001 -15"><span class='ocrx_word' id='word_1_338' title='bbox 118 2675 221 2727; x_wconf 79' lang='lat' dir='ltr'><em>quod</em></span> <span class='ocrx_word' id='word_1_339' title='bbox 249 2680 566 2726; x_wconf 81' lang='lat' dir='ltr'><em>praesupponitur</em></span> <span class='ocrx_word' id='word_1_340' title='bbox 592 2674 774 2713; x_wconf 80' lang='lat' dir='ltr'><em>omnibus</em></span> <span class='ocrx_word' id='word_1_341' title='bbox 800 2677 919 2724; x_wconf 67' lang='lat' dir='ltr'><em>aliis,</em></span> <span class='ocrx_word' id='word_1_342' title='bbox 961 2676 1110 2712; x_wconf 83' lang='lat' dir='ltr'><em>scilicet</em></span> <span class='ocrx_word' id='word_1_343' title='bbox 1147 2688 1235 2713; x_wconf 82' lang='lat' dir='ltr'><em>esse</em></span> 
     </span>
     <span class='ocr_line' id='line_1_49' title="bbox 119 2727 1233 2782; baseline -0.001 -15"><span class='ocrx_word' id='word_1_344' title='bbox 119 2727 327 2767; x_wconf 78' lang='lat' dir='ltr'><em>absolute:</em></span> <span class='ocrx_word' id='word_1_345' title='bbox 380 2728 497 2767; x_wconf 72' lang='lat' dir='ltr'><em>Unde</em></span> <span class='ocrx_word' id='word_1_346' title='bbox 526 2742 608 2767; x_wconf 82' lang='lat' dir='ltr'><em>non</em></span> <span class='ocrx_word' id='word_1_347' title='bbox 648 2738 772 2779; x_wconf 84' lang='lat' dir='ltr'><em>potest</em></span> <span class='ocrx_word' id='word_1_348' title='bbox 801 2728 950 2782; x_wconf 75' lang='lat' dir='ltr'><em>aliquid</em></span> <span class='ocrx_word' id='word_1_349' title='bbox 990 2733 1148 2780; x_wconf 79' lang='lat' dir='ltr'><em>operari</em></span> <span class='ocrx_word' id='word_1_350' title='bbox 1178 2729 1233 2766; x_wconf 79' lang='lat' dir='ltr'><em>cli-</em></span> 
     </span>
     <span class='ocr_line' id='line_1_50' title="bbox 116 2780 1233 2833; baseline -0.001 -13"><span class='ocrx_word' id='word_1_351' title='bbox 116 2786 298 2833; x_wconf 67' lang='lat' dir='ltr'><em>spositioe</em></span> <span class='ocrx_word' id='word_1_352' title='bbox 327 2783 379 2823; x_wconf 66' lang='lat'><em>&lt;9¹-</em></span> <span class='ocrx_word' id='word_1_353' title='bbox 407 2784 765 2823; x_wconf 85' lang='lat' dir='ltr'><em>instrumentaliter</em></span> <span class='ocrx_word' id='word_1_354' title='bbox 794 2782 848 2825; x_wconf 74' lang='lat' dir='ltr'><em>acl</em></span> <span class='ocrx_word' id='word_1_355' title='bbox 887 2782 988 2820; x_wconf 78' lang='lat' dir='ltr'><em>lzu‘nc</em></span> <span class='ocrx_word' id='word_1_356' title='bbox 1018 2780 1233 2831; x_wconf 76' lang='lat' dir='ltr'><em>effectum,</em></span> 
     </span>
     <span class='ocr_line' id='line_1_51' title="bbox 119 2837 1231 2887; baseline 0.001 -15"><span class='ocrx_word' id='word_1_357' title='bbox 119 2847 211 2873; x_wconf 84' lang='lat' dir='ltr'><em>cum</em></span> <span class='ocrx_word' id='word_1_358' title='bbox 260 2841 410 2874; x_wconf 85' lang='lat' dir='ltr'><em>creatio</em></span> <span class='ocrx_word' id='word_1_359' title='bbox 452 2849 533 2874; x_wconf 81' lang='lat' dir='ltr'><em>non</em></span> <span class='ocrx_word' id='word_1_360' title='bbox 576 2840 627 2874; x_wconf 85' lang='lat' dir='ltr'><em>sit</em></span> <span class='ocrx_word' id='word_1_361' title='bbox 656 2850 710 2874; x_wconf 78' lang='lat' dir='ltr'><em>ex</em></span> <span class='ocrx_word' id='word_1_362' title='bbox 750 2837 883 2887; x_wconf 72' lang='lat' dir='ltr'><em>aliquo</em></span> <span class='ocrx_word' id='word_1_363' title='bbox 924 2840 1231 2887; x_wconf 61' lang='lat' dir='ltr'><em>praesupponit),</em></span> 
     </span>
     <span class='ocr_line' id='line_1_52' title="bbox 118 2888 1238 2942; baseline -0.001 -18"><span class='ocrx_word' id='word_1_364' title='bbox 118 2888 223 2939; x_wconf 83' lang='lat' dir='ltr'><em>quod</em></span> <span class='ocrx_word' id='word_1_365' title='bbox 250 2894 371 2939; x_wconf 81' lang='lat' dir='ltr'><em>possit</em></span> <span class='ocrx_word' id='word_1_366' title='bbox 399 2890 554 2942; x_wconf 81' lang='lat' dir='ltr'><em>disponi</em></span> <span class='ocrx_word' id='word_1_367' title='bbox 583 2903 651 2942; x_wconf 87' lang='lat' dir='ltr'><em>per</em></span> <span class='ocrx_word' id='word_1_368' title='bbox 680 2895 883 2932; x_wconf 82' lang='lat' dir='ltr'><em>actionem</em></span> <span class='ocrx_word' id='word_1_369' title='bbox 919 2890 1238 2932; x_wconf 73' lang='lat' dir='ltr'><em>instrumentali-.</em></span> 
     </span>
     <span class='ocr_line' id='line_1_53' title="bbox 118 2948 397 2993; baseline 0.025 -15"><span class='ocrx_word' id='word_1_370' title='bbox 118 2950 181 2979; x_wconf 81' lang='lat' dir='ltr'><em>ter</em></span> <span class='ocrx_word' id='word_1_371' title='bbox 210 2948 368 2993; x_wconf 79' lang='lat' dir='ltr'><em>agentis</em></span> <span class='ocrx_word' id='word_1_372' title='bbox 385 2969 397 2985; x_wconf 87' lang='lat'><strong>.</strong></span> 
     </span>
    </p>

    <p class='ocr_par' dir='ltr' id='par_1_7' title="bbox 117 2993 1237 3424">
     <span class='ocr_line' id='line_1_54' title="bbox 172 2993 1237 3050; baseline 0.002 -18"><span class='ocrx_word' id='word_1_373' title='bbox 172 2993 239 3039; x_wconf 75' lang='grc'><em>64.</em></span> <span class='ocrx_word' id='word_1_374' title='bbox 267 2996 469 3049; x_wconf 77' lang='lat' dir='ltr'><em>Contraria</em></span> <span class='ocrx_word' id='word_1_375' title='bbox 493 3007 621 3037; x_wconf 86' lang='lat' dir='ltr'><em>tamen</em></span> <span class='ocrx_word' id='word_1_376' title='bbox 649 2999 834 3039; x_wconf 81' lang='lat' dir='ltr'><em>sententia</em></span> <span class='ocrx_word' id='word_1_377' title='bbox 870 2997 1021 3050; x_wconf 83' lang='lat' dir='ltr'><em>aliquos</em></span> <span class='ocrx_word' id='word_1_378' title='bbox 1060 3005 1237 3049; x_wconf 82' lang='lat' dir='ltr'><em>patronos</em></span> 
     </span>
     <span class='ocr_line' id='line_1_55' title="bbox 118 3048 1234 3096; baseline 0.004 -12"><span class='ocrx_word' id='word_1_379' title='bbox 118 3048 261 3096; x_wconf 87' lang='lat' dir='ltr'><em>habet,</em></span> <span class='ocrx_word' id='word_1_380' title='bbox 293 3057 332 3086; x_wconf 88' lang='lat' dir='ltr'><em>ut</em></span> <span class='ocrx_word' id='word_1_381' title='bbox 359 3048 513 3090; x_wconf 85' lang='lat' dir='ltr'><em>Petrum</em></span> <span class='ocrx_word' id='word_1_382' title='bbox 542 3052 804 3091; x_wconf 82' lang='lat' dir='ltr'><em>Lombardum</em></span> <span class='ocrx_word' id='word_1_383' title='bbox 834 3053 872 3090; x_wconf 86' lang='lat' dir='ltr'><em>in</em></span> <span class='ocrx_word' id='word_1_384' title='bbox 904 3052 992 3090; x_wconf 86' lang='lat' dir='ltr'><em>Lib.</em></span> <span class='ocrx_word' id='word_1_385' title='bbox 1021 3051 1090 3089; x_wconf 86' lang='lat' dir='ltr'><em>IV.</em></span> <span class='ocrx_word' id='word_1_386' title='bbox 1135 3049 1234 3088; x_wconf 85' lang='lat' dir='ltr'><em>Sen-</em></span> 
     </span>
     <span class='ocr_line' id='line_1_56' title="bbox 118 3102 1234 3158; baseline 0.001 -19"><span class='ocrx_word' id='word_1_387' title='bbox 118 3106 338 3139; x_wconf 85' lang='lat' dir='ltr'><em>tentiarum</em></span> <span class='ocrx_word' id='word_1_388' title='bbox 371 3102 470 3145; x_wconf 82' lang='lat' dir='ltr'><em>Dist.</em></span> <span class='ocrx_word' id='word_1_389' title='bbox 498 3106 563 3154; x_wconf 84' lang='lat'><em>5.,</em></span> <span class='ocrx_word' id='word_1_390' title='bbox 607 3105 720 3158; x_wconf 82' lang='lat' dir='ltr'><em>cujus</em></span> <span class='ocrx_word' id='word_1_391' title='bbox 754 3106 1001 3158; x_wconf 81' lang='lat' dir='ltr'><em>opinionem,</em></span> <span class='ocrx_word' id='word_1_392' title='bbox 1045 3106 1152 3142; x_wconf 88' lang='lat' dir='ltr'><em>sicuti</em></span> <span class='ocrx_word' id='word_1_393' title='bbox 1183 3113 1234 3141; x_wconf 88' lang='lat' dir='ltr'><em>et-</em></span> 
     </span>
     <span class='ocr_line' id='line_1_57' title="bbox 118 3155 1233 3208; baseline 0 -14"><span class='ocrx_word' id='word_1_394' title='bbox 118 3157 200 3194; x_wconf 70' lang='lat' dir='ltr'><em>iam</em></span> <span class='ocrx_word' id='word_1_395' title='bbox 230 3155 486 3206; x_wconf 86' lang='lat' dir='ltr'><em>quorumdam</em></span> <span class='ocrx_word' id='word_1_396' title='bbox 527 3158 720 3208; x_wconf 83' lang='lat' dir='ltr'><em>aliorum,</em></span> <span class='ocrx_word' id='word_1_397' title='bbox 769 3160 883 3197; x_wconf 85' lang='lat' dir='ltr'><em>refert</em></span> <span class='ocrx_word' id='word_1_398' title='bbox 912 3159 952 3198; x_wconf 84' lang='lat' dir='ltr'><em>S.</em></span> <span class='ocrx_word' id='word_1_399' title='bbox 983 3157 1152 3196; x_wconf 78' lang='lat' dir='ltr'><em>Thomas</em></span> <span class='ocrx_word' id='word_1_400' title='bbox 1196 3158 1233 3195; x_wconf 90' lang='lat' dir='ltr'><em>in</em></span> 
     </span>
     <span class='ocr_line' id='line_1_58' title="bbox 117 3208 1235 3257; baseline 0.002 -11"><span class='ocrx_word' id='word_1_401' title='bbox 117 3209 335 3246; x_wconf 83' lang='lat' dir='ltr'><em>Comment.</em></span> <span class='ocrx_word' id='word_1_402' title='bbox 366 3208 510 3247; x_wconf 86' lang='lat' dir='ltr'><em>ibidem</em></span> <span class='ocrx_word' id='word_1_403' title='bbox 539 3212 686 3257; x_wconf 83' lang='lat' dir='ltr'><em>Quaest.</em></span> <span class='ocrx_word' id='word_1_404' title='bbox 717 3213 747 3250; x_wconf 92' lang='grc' dir='ltr'><em>Ι.</em></span> <span class='ocrx_word' id='word_1_405' title='bbox 787 3222 857 3250; x_wconf 84' lang='lat' dir='ltr'><em>art.</em></span> <span class='ocrx_word' id='word_1_406' title='bbox 895 3227 930 3253; x_wconf 78' lang='lat'><em>1.</em></span> <span class='ocrx_word' id='word_1_407' title='bbox 966 3212 1088 3250; x_wconf 86' lang='lat' dir='ltr'><em>Solut.</em></span> <span class='ocrx_word' id='word_1_408' title='bbox 1121 3211 1160 3250; x_wconf 82' lang='lat'><em>5.</em></span> <span class='ocrx_word' id='word_1_409' title='bbox 1189 3210 1235 3248; x_wconf 89' lang='lat' dir='ltr'><em>ad</em></span> 
     </span>
     <span class='ocr_line' id='line_1_59' title="bbox 119 3262 1234 3317; baseline 0.003 -19"><span class='ocrx_word' id='word_1_410' title='bbox 119 3262 159 3309; x_wconf 73' lang='grc'><em>4.</em></span> <span class='ocrx_word' id='word_1_411' title='bbox 208 3262 249 3299; x_wconf 91' lang='lat' dir='ltr'><em>Si</em></span> <span class='ocrx_word' id='word_1_412' title='bbox 279 3263 366 3313; x_wconf 87' lang='lat' dir='ltr'><em>quis</em></span> <span class='ocrx_word' id='word_1_413' title='bbox 395 3272 521 3301; x_wconf 82' lang='lat' dir='ltr'><em>autem</em></span> <span class='ocrx_word' id='word_1_414' title='bbox 550 3264 596 3302; x_wconf 87' lang='lat' dir='ltr'><em>de</em></span> <span class='ocrx_word' id='word_1_415' title='bbox 625 3265 683 3304; x_wconf 85' lang='lat' dir='ltr'><em>his</em></span> <span class='ocrx_word' id='word_1_416' title='bbox 714 3266 824 3304; x_wconf 86' lang='lat' dir='ltr'><em>rebus</em></span> <span class='ocrx_word' id='word_1_417' title='bbox 868 3265 981 3317; x_wconf 81' lang='lat' dir='ltr'><em>plura</em></span> <span class='ocrx_word' id='word_1_418' title='bbox 1023 3266 1234 3309; x_wconf 80' lang='lat' dir='ltr'><em>desiderat,</em></span> 
     </span>
     <span class='ocr_line' id='line_1_60' title="bbox 120 3315 1237 3370; baseline 0.002 -16"><span class='ocrx_word' id='word_1_419' title='bbox 120 3316 228 3354; x_wconf 86' lang='lat' dir='ltr'><em>adeat</em></span> <span class='ocrx_word' id='word_1_420' title='bbox 259 3315 507 3355; x_wconf 69' lang='lat' dir='ltr'><em>scholasticos</em></span> <span class='ocrx_word' id='word_1_421' title='bbox 521 3346 532 3365; x_wconf 89' lang='lat'><em>,</em></span> <span class='ocrx_word' id='word_1_422' title='bbox 562 3321 759 3370; x_wconf 74' lang='lat' dir='ltr'><em>praecipue</em></span> <span class='ocrx_word' id='word_1_423' title='bbox 773 3319 900 3358; x_wconf 84' lang='lat' dir='ltr'><em>Guill.</em></span> <span class='ocrx_word' id='word_1_424' title='bbox 918 3320 1066 3358; x_wconf 83' lang='lat' dir='ltr'><em>Estium</em></span> <span class='ocrx_word' id='word_1_425' title='bbox 1086 3321 1124 3358; x_wconf 85' lang='lat' dir='ltr'><em>in</em></span> <span class='ocrx_word' id='word_1_426' title='bbox 1145 3318 1237 3358; x_wconf 85' lang='lat' dir='ltr'><em>Lib.</em></span> 
     </span>
     <span class='ocr_line' id='line_1_61' title="bbox 120 3369 974 3424; baseline 0.005 -16"><span class='ocrx_word' id='word_1_427' title='bbox 120 3370 188 3412; x_wconf 54' lang='grc' dir='ltr'><em>ΙΙΙ·</em></span> <span class='ocrx_word' id='word_1_428' title='bbox 219 3369 522 3413; x_wconf 61' lang='lat' dir='ltr'><em>Senaentiarum</em></span> <span class='ocrx_word' id='word_1_429' title='bbox 547 3370 645 3411; x_wconf 60' lang='lat' dir='ltr'><em>Diat-</em></span> <span class='ocrx_word' id='word_1_430' title='bbox 675 3372 705 3412; x_wconf 72' lang='lat' dir='ltr'><em>l·</em></span> <span class='ocrx_word' id='word_1_431' title='bbox 736 3371 774 3424; x_wconf 49' lang='grc' dir='ltr'><em>ᾗ·</em></span> <span class='ocrx_word' id='word_1_432' title='bbox 803 3373 843 3419; x_wconf 64' lang='grc'><em>4.</em></span> <span class='ocrx_word' id='word_1_433' title='bbox 871 3373 906 3410; x_wconf 60' lang='grc' dir='ltr'><strong>ἃ</strong></span> <span class='ocrx_word' id='word_1_434' title='bbox 937 3374 974 3412; x_wconf 80' lang='lat'><em>5·</em></span> 
     </span>
    </p>
   </div>
   <div class='ocr_carea' id='block_1_3' title="bbox 2272 139 2359 181">
    <p class='ocr_par' dir='ltr' id='par_1_8' title="bbox 2272 139 2359 181">
     <span class='ocr_line' id='line_1_62' title="bbox 2272 139 2359 181; baseline -0.011 -1"><span class='ocrx_word' id='word_1_435' title='bbox 2272 139 2359 181; x_wconf 74' lang='lat'><em>203</em></span> 
     </span>
    </p>
   </div>
   <div class='ocr_carea' id='block_1_4' title="bbox 1300 217 2427 3353">
    <p class='ocr_par' dir='ltr' id='par_1_9' title="bbox 1312 217 2425 311">
     <span class='ocr_line' id='line_1_63' title="bbox 1366 217 2425 267; baseline -0.002 -11"><span class='ocrx_word' id='word_1_436' title='bbox 1366 218 1434 257; x_wconf 88' lang='grc'><em>65.</em></span> <span class='ocrx_word' id='word_1_437' title='bbox 1463 219 1624 266; x_wconf 75' lang='lat' dir='ltr'><em>Quaeres</em></span> <span class='ocrx_word' id='word_1_438' title='bbox 1653 217 1840 265; x_wconf 85' lang='lat' dir='ltr'><em>secundo,</em></span> <span class='ocrx_word' id='word_1_439' title='bbox 1870 227 1927 254; x_wconf 85' lang='lat' dir='ltr'><em>an</em></span> <span class='ocrx_word' id='word_1_440' title='bbox 1954 227 2050 267; x_wconf 81' lang='lat' dir='ltr'><em>opus</em></span> <span class='ocrx_word' id='word_1_441' title='bbox 2068 218 2282 254; x_wconf 83' lang='lat' dir='ltr'><em>creationis</em></span> <span class='ocrx_word' id='word_1_442' title='bbox 2301 219 2351 255; x_wconf 81' lang='lat' dir='ltr'><em>sit</em></span> <span class='ocrx_word' id='word_1_443' title='bbox 2365 224 2425 254; x_wconf 83' lang='lat' dir='ltr'><em>to-</em></span> 
     </span>
     <span class='ocr_line' id='line_1_64' title="bbox 1312 267 2148 311; baseline -0.005 -2"><span class='ocrx_word' id='word_1_444' title='bbox 1312 275 1341 309; x_wconf 81' lang='lat' dir='ltr'><em>ti</em></span> <span class='ocrx_word' id='word_1_445' title='bbox 1370 271 1649 311; x_wconf 71' lang='lat' dir='ltr'><em>Sanctissimae</em></span> <span class='ocrx_word' id='word_1_446' title='bbox 1681 269 1866 311; x_wconf 84' lang='lat' dir='ltr'><em>Trinitati</em></span> <span class='ocrx_word' id='word_1_447' title='bbox 1895 267 2148 308; x_wconf 85' lang='lat' dir='ltr'><em>commune?</em></span> 
     </span>
    </p>

    <p class='ocr_par' dir='ltr' id='par_1_10' title="bbox 1307 321 2427 644">
     <span class='ocr_line' id='line_1_65' title="bbox 1366 321 2425 377; baseline -0.001 -15"><span class='ocrx_word' id='word_1_448' title='bbox 1366 323 1434 363; x_wconf 91' lang='lat'><em>66.</em></span> <span class='ocrx_word' id='word_1_449' title='bbox 1465 324 1676 377; x_wconf 82' lang='lat' dir='ltr'><em>Respondet</em></span> <span class='ocrx_word' id='word_1_450' title='bbox 1705 324 1745 363; x_wconf 91' lang='lat' dir='ltr'><em>S.</em></span> <span class='ocrx_word' id='word_1_451' title='bbox 1767 323 1939 364; x_wconf 79' lang='lat' dir='ltr'><em>Thomas</em></span> <span class='ocrx_word' id='word_1_452' title='bbox 1965 323 2194 362; x_wconf 79' lang='lat' dir='ltr'><em>affirmative</em></span> <span class='ocrx_word' id='word_1_453' title='bbox 2223 322 2255 362; x_wconf 85' lang='lat'><em>1.</em></span> <span class='ocrx_word' id='word_1_454' title='bbox 2285 321 2327 361; x_wconf 86' lang='lat' dir='ltr'><em>P.</em></span> <span class='ocrx_word' id='word_1_455' title='bbox 2355 335 2425 374; x_wconf 85' lang='lat' dir='ltr'><em>qn.</em></span> 
     </span>
     <span class='ocr_line' id='line_1_66' title="bbox 1312 377 2427 428; baseline -0.002 -12"><span class='ocrx_word' id='word_1_456' title='bbox 1312 378 1379 424; x_wconf 73' lang='lat'><em>45.</em></span> <span class='ocrx_word' id='word_1_457' title='bbox 1408 388 1480 418; x_wconf 84' lang='lat' dir='ltr'><em>art.</em></span> <span class='ocrx_word' id='word_1_458' title='bbox 1508 378 1576 426; x_wconf 68' lang='grc'><em>6,,</em></span> <span class='ocrx_word' id='word_1_459' title='bbox 1605 377 1719 428; x_wconf 74' lang='lat' dir='ltr'><em>cujus</em></span> <span class='ocrx_word' id='word_1_460' title='bbox 1747 379 1841 415; x_wconf 84' lang='lat' dir='ltr'><em>ratio</em></span> <span class='ocrx_word' id='word_1_461' title='bbox 1871 387 1948 425; x_wconf 84' lang='lat' dir='ltr'><em>est,</em></span> <span class='ocrx_word' id='word_1_462' title='bbox 1992 381 2087 428; x_wconf 81' lang='lat' dir='ltr'><em>quia</em></span> <span class='ocrx_word' id='word_1_463' title='bbox 2116 389 2259 415; x_wconf 84' lang='lat' dir='ltr'><em>creare</em></span> <span class='ocrx_word' id='word_1_464' title='bbox 2286 388 2427 414; x_wconf 65' lang='lat' dir='ltr'><em>conve-</em></span> 
     </span>
     <span class='ocr_line' id='line_1_67' title="bbox 1312 429 2425 482; baseline 0 -15"><span class='ocrx_word' id='word_1_465' title='bbox 1312 435 1370 468; x_wconf 83' lang='lat' dir='ltr'><em>nit·</em></span> <span class='ocrx_word' id='word_1_466' title='bbox 1400 431 1489 470; x_wconf 89' lang='lat' dir='ltr'><em>Deo</em></span> <span class='ocrx_word' id='word_1_467' title='bbox 1517 431 1737 470; x_wconf 82' lang='lat' dir='ltr'><em>secundum</em></span> <span class='ocrx_word' id='word_1_468' title='bbox 1764 444 1881 469; x_wconf 84' lang='lat' dir='ltr'><em>suum</em></span> <span class='ocrx_word' id='word_1_469' title='bbox 1910 429 2022 478; x_wconf 83' lang='lat' dir='ltr'><em>esse,</em></span> <span class='ocrx_word' id='word_1_470' title='bbox 2052 429 2153 481; x_wconf 79' lang='lat' dir='ltr'><em>quod</em></span> <span class='ocrx_word' id='word_1_471' title='bbox 2180 439 2238 468; x_wconf 88' lang='lat' dir='ltr'><em>est</em></span> <span class='ocrx_word' id='word_1_472' title='bbox 2258 431 2345 482; x_wconf 82' lang='lat' dir='ltr'><em>ejus</em></span> <span class='ocrx_word' id='word_1_473' title='bbox 2364 443 2425 468; x_wconf 85' lang='lat' dir='ltr'><em>es-</em></span> 
     </span>
     <span class='ocr_line' id='line_1_68' title="bbox 1307 482 2426 536; baseline -0.001 -14"><span class='ocrx_word' id='word_1_474' title='bbox 1307 488 1442 522; x_wconf 77' lang='lat' dir='ltr'><em>sentia</em></span> <span class='ocrx_word' id='word_1_475' title='bbox 1460 515 1470 534; x_wconf 86' lang='lat'>‚</span> <span class='ocrx_word' id='word_1_476' title='bbox 1513 499 1601 536; x_wconf 83' lang='lat' dir='ltr'><em>quoe</em></span> <span class='ocrx_word' id='word_1_477' title='bbox 1629 494 1690 523; x_wconf 80' lang='lat' dir='ltr'><em>est</em></span> <span class='ocrx_word' id='word_1_478' title='bbox 1719 488 1946 523; x_wconf 81' lang='lat' dir='ltr'><em>communis</em></span> <span class='ocrx_word' id='word_1_479' title='bbox 1974 483 2094 522; x_wconf 76' lang='lat' dir='ltr'><em>tribus</em></span> <span class='ocrx_word' id='word_1_480' title='bbox 2124 483 2308 521; x_wconf 58' lang='lat' dir='ltr'><em>Personas</em></span> <span class='ocrx_word' id='word_1_481' title='bbox 2325 509 2335 522; x_wconf 92' lang='lat'><strong>.</strong></span> <span class='ocrx_word' id='word_1_482' title='bbox 2383 482 2426 521; x_wconf 92' lang='lat' dir='ltr'><em>Id</em></span> 
     </span>
     <span class='ocr_line' id='line_1_69' title="bbox 1309 535 2426 580; baseline 0.002 -5"><span class='ocrx_word' id='word_1_483' title='bbox 1309 539 1424 576; x_wconf 87' lang='lat' dir='ltr'><em>etiam</em></span> <span class='ocrx_word' id='word_1_484' title='bbox 1452 539 1656 580; x_wconf 78' lang='lat' dir='ltr'><em>definitum</em></span> <span class='ocrx_word' id='word_1_485' title='bbox 1699 539 1772 577; x_wconf 79' lang='lat' dir='ltr'><em>fuit</em></span> <span class='ocrx_word' id='word_1_486' title='bbox 1815 540 1853 577; x_wconf 87' lang='lat' dir='ltr'><em>in</em></span> <span class='ocrx_word' id='word_1_487' title='bbox 1881 536 2054 576; x_wconf 88' lang='lat' dir='ltr'><em>Concilio</em></span> <span class='ocrx_word' id='word_1_488' title='bbox 2082 537 2326 576; x_wconf 81' lang='lat' dir='ltr'><em>Lateranensi</em></span> <span class='ocrx_word' id='word_1_489' title='bbox 2355 535 2426 577; x_wconf 78' lang='lat' dir='ltr'><em>IV.</em></span> 
     </span>
     <span class='ocr_line' id='line_1_70' title="bbox 1311 592 1958 644; baseline 0 -14"><span class='ocrx_word' id='word_1_490' title='bbox 1311 600 1352 630; x_wconf 89' lang='lat' dir='ltr'><em>ut</em></span> <span class='ocrx_word' id='word_1_491' title='bbox 1380 606 1495 644; x_wconf 86' lang='lat' dir='ltr'><em>supra</em></span> <span class='ocrx_word' id='word_1_492' title='bbox 1524 594 1722 632; x_wconf 82' lang='lat' dir='ltr'><em>innuimus</em></span> <span class='ocrx_word' id='word_1_493' title='bbox 1751 606 1861 630; x_wconf 87' lang='lat' dir='ltr'><em>num.</em></span> <span class='ocrx_word' id='word_1_494' title='bbox 1894 592 1958 630; x_wconf 82' lang='lat'><em>25.</em></span> 
     </span>
    </p>

    <p class='ocr_par' dir='ltr' id='par_1_11' title="bbox 1305 643 2427 1977">
     <span class='ocr_line' id='line_1_71' title="bbox 1363 643 2427 697; baseline -0.002 -15"><span class='ocrx_word' id='word_1_495' title='bbox 1363 644 1431 696; x_wconf 88' lang='lat'><em>67.</em></span> <span class='ocrx_word' id='word_1_496' title='bbox 1461 644 1590 684; x_wconf 84' lang='lat' dir='ltr'><em>Monet</em></span> <span class='ocrx_word' id='word_1_497' title='bbox 1619 655 1744 685; x_wconf 84' lang='lat' dir='ltr'><em>tamen</em></span> <span class='ocrx_word' id='word_1_498' title='bbox 1775 644 1979 697; x_wconf 78' lang='lat' dir='ltr'><em>Angelicus</em></span> <span class='ocrx_word' id='word_1_499' title='bbox 2009 643 2181 692; x_wconf 85' lang='lat' dir='ltr'><em>ibidem,</em></span> <span class='ocrx_word' id='word_1_500' title='bbox 2221 673 2247 692; x_wconf 84' lang='lat'><em>‚,</em></span> <span class='ocrx_word' id='word_1_501' title='bbox 2275 643 2427 681; x_wconf 84' lang='lat' dir='ltr'><em>divinas</em></span> 
     </span>
     <span class='ocr_line' id='line_1_72' title="bbox 1309 696 2427 748; baseline -0.004 -10"><span class='ocrx_word' id='word_1_502' title='bbox 1309 729 1335 748; x_wconf 84' lang='lat'><em>,‚</em></span> <span class='ocrx_word' id='word_1_503' title='bbox 1364 698 1542 738; x_wconf 74' lang='lat' dir='ltr'><em>Personas</em></span> <span class='ocrx_word' id='word_1_504' title='bbox 1584 701 1794 738; x_wconf 86' lang='lat' dir='ltr'><em>secundum</em></span> <span class='ocrx_word' id='word_1_505' title='bbox 1839 699 2024 739; x_wconf 80' lang='lat' dir='ltr'><em>rationem</em></span> <span class='ocrx_word' id='word_1_506' title='bbox 2067 711 2148 736; x_wconf 84' lang='lat' dir='ltr'><em>suae</em></span> <span class='ocrx_word' id='word_1_507' title='bbox 2178 696 2427 735; x_wconf 79' lang='lat' dir='ltr'><em>Processionis</em></span> 
     </span>
     <span class='ocr_line' id='line_1_73' title="bbox 1309 751 2426 804; baseline -0.001 -15"><span class='ocrx_word' id='word_1_508' title='bbox 1309 782 1336 803; x_wconf 84' lang='lat'><strong>„</strong></span> <span class='ocrx_word' id='word_1_509' title='bbox 1367 751 1509 789; x_wconf 87' lang='lat' dir='ltr'><em>habere</em></span> <span class='ocrx_word' id='word_1_510' title='bbox 1537 753 1798 793; x_wconf 80' lang='lat' dir='ltr'><em>causalitatem</em></span> <span class='ocrx_word' id='word_1_511' title='bbox 1828 761 1998 804; x_wconf 88' lang='lat' dir='ltr'><em>respectu</em></span> <span class='ocrx_word' id='word_1_512' title='bbox 2028 752 2229 792; x_wconf 78' lang='lat' dir='ltr'><em>creationis</em></span> <span class='ocrx_word' id='word_1_513' title='bbox 2269 763 2426 788; x_wconf 87' lang='lat' dir='ltr'><em>rerum.</em></span> 
     </span>
     <span class='ocr_line' id='line_1_74' title="bbox 1309 802 2427 858; baseline -0.004 -14"><span class='ocrx_word' id='word_1_514' title='bbox 1309 836 1336 856; x_wconf 84' lang='lat'>„</span> <span class='ocrx_word' id='word_1_515' title='bbox 1366 805 1471 844; x_wconf 89' lang='lat' dir='ltr'><em>Deus</em></span> <span class='ocrx_word' id='word_1_516' title='bbox 1501 807 1603 843; x_wconf 88' lang='lat' dir='ltr'><em>enim</em></span> <span class='ocrx_word' id='word_1_517' title='bbox 1634 816 1686 844; x_wconf 86' lang='lat' dir='ltr'><em>est</em></span> <span class='ocrx_word' id='word_1_518' title='bbox 1715 820 1828 844; x_wconf 84' lang='lat' dir='ltr'><em>causa</em></span> <span class='ocrx_word' id='word_1_519' title='bbox 1857 819 1985 844; x_wconf 86' lang='lat' dir='ltr'><em>rerum</em></span> <span class='ocrx_word' id='word_1_520' title='bbox 2016 819 2083 858; x_wconf 87' lang='lat' dir='ltr'><em>per</em></span> <span class='ocrx_word' id='word_1_521' title='bbox 2121 818 2234 844; x_wconf 89' lang='lat' dir='ltr'><em>suum</em></span> <span class='ocrx_word' id='word_1_522' title='bbox 2277 802 2427 842; x_wconf 86' lang='lat' dir='ltr'><em>intelle-</em></span> 
     </span>
     <span class='ocr_line' id='line_1_75' title="bbox 1309 857 2424 909; baseline -0.001 -12"><span class='ocrx_word' id='word_1_523' title='bbox 1309 889 1336 909; x_wconf 85' lang='lat'>„</span> <span class='ocrx_word' id='word_1_524' title='bbox 1366 867 1498 909; x_wconf 76' lang='lat' dir='ltr'><em>ctum,</em></span> <span class='ocrx_word' id='word_1_525' title='bbox 1529 858 1563 894; x_wconf 74' lang='lat'><em>8&lt;</em></span> <span class='ocrx_word' id='word_1_526' title='bbox 1592 859 1822 901; x_wconf 83' lang='lat' dir='ltr'><em>voluntatem</em></span> <span class='ocrx_word' id='word_1_527' title='bbox 1842 886 1885 898; x_wconf 90' lang='lat'><em>...</em></span> <span class='ocrx_word' id='word_1_528' title='bbox 1922 859 2032 897; x_wconf 83' lang='lat' dir='ltr'><em>Unde</em></span> <span class='ocrx_word' id='word_1_529' title='bbox 2063 858 2166 897; x_wconf 85' lang='lat' dir='ltr'><em>Deus</em></span> <span class='ocrx_word' id='word_1_530' title='bbox 2195 857 2304 897; x_wconf 79' lang='lat' dir='ltr'><em>Pater</em></span> <span class='ocrx_word' id='word_1_531' title='bbox 2333 871 2424 908; x_wconf 92' lang='lat' dir='ltr'><em>ope-</em></span> 
     </span>
     <span class='ocr_line' id='line_1_76' title="bbox 1308 910 2427 965; baseline -0.002 -15"><span class='ocrx_word' id='word_1_532' title='bbox 1308 943 1336 963; x_wconf 86' lang='lat'>„</span> <span class='ocrx_word' id='word_1_533' title='bbox 1364 921 1466 951; x_wconf 84' lang='lat' dir='ltr'><em>ratus</em></span> <span class='ocrx_word' id='word_1_534' title='bbox 1495 921 1548 951; x_wconf 87' lang='lat' dir='ltr'><em>est</em></span> <span class='ocrx_word' id='word_1_535' title='bbox 1576 922 1789 954; x_wconf 85' lang='lat' dir='ltr'><em>creaturam</em></span> <span class='ocrx_word' id='word_1_536' title='bbox 1820 926 1887 965; x_wconf 88' lang='lat' dir='ltr'><em>per</em></span> <span class='ocrx_word' id='word_1_537' title='bbox 1928 926 2039 950; x_wconf 88' lang='lat' dir='ltr'><em>suum</em></span> <span class='ocrx_word' id='word_1_538' title='bbox 2071 911 2246 950; x_wconf 87' lang='lat' dir='ltr'><em>Verbum</em></span> <span class='ocrx_word' id='word_1_539' title='bbox 2264 942 2274 960; x_wconf 88' lang='lat'><em>,</em></span> <span class='ocrx_word' id='word_1_540' title='bbox 2323 910 2427 965; x_wconf 84' lang='lat' dir='ltr'><em>quod</em></span> 
     </span>
     <span class='ocr_line' id='line_1_77' title="bbox 1308 964 2426 1019; baseline -0.002 -15"><span class='ocrx_word' id='word_1_541' title='bbox 1308 996 1336 1017; x_wconf 83' lang='lat'>„</span> <span class='ocrx_word' id='word_1_542' title='bbox 1363 975 1415 1004; x_wconf 81' lang='lat' dir='ltr'><em>est</em></span> <span class='ocrx_word' id='word_1_543' title='bbox 1445 964 1597 1013; x_wconf 87' lang='lat' dir='ltr'><em>Filius,</em></span> <span class='ocrx_word' id='word_1_544' title='bbox 1627 965 1661 1002; x_wconf 72' lang='lat'><em>8&lt;</em></span> <span class='ocrx_word' id='word_1_545' title='bbox 1692 980 1758 1018; x_wconf 85' lang='lat' dir='ltr'><em>per</em></span> <span class='ocrx_word' id='word_1_546' title='bbox 1786 981 1898 1004; x_wconf 88' lang='lat' dir='ltr'><em>suum</em></span> <span class='ocrx_word' id='word_1_547' title='bbox 1928 979 2124 1014; x_wconf 79' lang='lat' dir='ltr'><em>amorem,</em></span> <span class='ocrx_word' id='word_1_548' title='bbox 2158 966 2226 1019; x_wconf 87' lang='lat' dir='ltr'><em>qui</em></span> <span class='ocrx_word' id='word_1_549' title='bbox 2257 973 2310 1002; x_wconf 86' lang='lat' dir='ltr'><em>est</em></span> <span class='ocrx_word' id='word_1_550' title='bbox 2339 964 2426 1016; x_wconf 88' lang='lat' dir='ltr'><em>Spi-</em></span> 
     </span>
     <span class='ocr_line' id='line_1_78' title="bbox 1308 1017 2426 1071; baseline -0.003 -14"><span class='ocrx_word' id='word_1_551' title='bbox 1308 1049 1335 1069; x_wconf 86' lang='lat'><strong>„</strong></span> <span class='ocrx_word' id='word_1_552' title='bbox 1365 1020 1457 1057; x_wconf 79' lang='lat' dir='ltr'><em>ritus</em></span> <span class='ocrx_word' id='word_1_553' title='bbox 1486 1028 1665 1058; x_wconf 79' lang='lat' dir='ltr'><em>sanctus.</em></span> <span class='ocrx_word' id='word_1_554' title='bbox 1696 1022 1721 1041; x_wconf 73' lang='lat'><em>‘⁶</em></span> <span class='ocrx_word' id='word_1_555' title='bbox 1751 1017 1799 1057; x_wconf 85' lang='lat' dir='ltr'><em>Et</em></span> <span class='ocrx_word' id='word_1_556' title='bbox 1829 1021 1983 1071; x_wconf 80' lang='lat' dir='ltr'><em>insuper</em></span> <span class='ocrx_word' id='word_1_557' title='bbox 2013 1020 2051 1056; x_wconf 87' lang='lat' dir='ltr'><em>in</em></span> <span class='ocrx_word' id='word_1_558' title='bbox 2081 1032 2180 1070; x_wconf 88' lang='lat' dir='ltr'><em>resp.</em></span> <span class='ocrx_word' id='word_1_559' title='bbox 2212 1018 2259 1057; x_wconf 82' lang='lat' dir='ltr'><em>ad</em></span> <span class='ocrx_word' id='word_1_560' title='bbox 2291 1031 2327 1056; x_wconf 83' lang='lat'><em>2.</em></span> <span class='ocrx_word' id='word_1_561' title='bbox 2357 1017 2426 1055; x_wconf 88' lang='lat' dir='ltr'><em>ob-</em></span> 
     </span>
     <span class='ocr_line' id='line_1_79' title="bbox 1305 1071 2425 1125; baseline -0.003 -14"><span class='ocrx_word' id='word_1_562' title='bbox 1305 1081 1456 1122; x_wconf 80' lang='lat' dir='ltr'><em>servat,</em></span> <span class='ocrx_word' id='word_1_563' title='bbox 1487 1103 1514 1121; x_wconf 84' lang='lat'>„</span> <span class='ocrx_word' id='word_1_564' title='bbox 1543 1073 1644 1125; x_wconf 86' lang='lat' dir='ltr'><em>quod</em></span> <span class='ocrx_word' id='word_1_565' title='bbox 1674 1073 1771 1111; x_wconf 87' lang='lat' dir='ltr'><em>sicut</em></span> <span class='ocrx_word' id='word_1_566' title='bbox 1801 1081 1934 1111; x_wconf 85' lang='lat' dir='ltr'><em>natura</em></span> <span class='ocrx_word' id='word_1_567' title='bbox 1954 1073 2114 1120; x_wconf 84' lang='lat' dir='ltr'><em>divina,</em></span> <span class='ocrx_word' id='word_1_568' title='bbox 2144 1071 2234 1110; x_wconf 87' lang='lat' dir='ltr'><em>licet</em></span> <span class='ocrx_word' id='word_1_569' title='bbox 2254 1072 2300 1110; x_wconf 86' lang='lat' dir='ltr'><em>sit</em></span> <span class='ocrx_word' id='word_1_570' title='bbox 2322 1084 2425 1108; x_wconf 85' lang='lat' dir='ltr'><em>com-</em></span> 
     </span>
     <span class='ocr_line' id='line_1_80' title="bbox 1307 1125 2423 1177; baseline -0.004 -12"><span class='ocrx_word' id='word_1_571' title='bbox 1307 1157 1334 1176; x_wconf 86' lang='lat'>„</span> <span class='ocrx_word' id='word_1_572' title='bbox 1363 1127 1490 1166; x_wconf 85' lang='lat' dir='ltr'><em>munis</em></span> <span class='ocrx_word' id='word_1_573' title='bbox 1520 1127 1641 1165; x_wconf 88' lang='lat' dir='ltr'><em>tribus</em></span> <span class='ocrx_word' id='word_1_574' title='bbox 1671 1125 1867 1173; x_wconf 85' lang='lat' dir='ltr'><em>Personis,</em></span> <span class='ocrx_word' id='word_1_575' title='bbox 1915 1127 2046 1164; x_wconf 80' lang='lat' dir='ltr'><em>ordine</em></span> <span class='ocrx_word' id='word_1_576' title='bbox 2085 1135 2214 1165; x_wconf 82' lang='lat' dir='ltr'><em>tamen</em></span> <span class='ocrx_word' id='word_1_577' title='bbox 2257 1125 2423 1177; x_wconf 84' lang='lat' dir='ltr'><em>quodam</em></span> 
     </span>
     <span class='ocr_line' id='line_1_81' title="bbox 1308 1179 2426 1232; baseline -0.004 -14"><span class='ocrx_word' id='word_1_578' title='bbox 1308 1211 1334 1230; x_wconf 83' lang='lat'><strong>„</strong></span> <span class='ocrx_word' id='word_1_579' title='bbox 1364 1181 1418 1218; x_wconf 86' lang='lat' dir='ltr'><em>eis</em></span> <span class='ocrx_word' id='word_1_580' title='bbox 1446 1181 1654 1228; x_wconf 81' lang='lat' dir='ltr'><em>convenit,</em></span> <span class='ocrx_word' id='word_1_581' title='bbox 1684 1180 1916 1232; x_wconf 77' lang='lat' dir='ltr'><em>inquantum</em></span> <span class='ocrx_word' id='word_1_582' title='bbox 1934 1179 2058 1217; x_wconf 83' lang='lat' dir='ltr'><em>Filius</em></span> <span class='ocrx_word' id='word_1_583' title='bbox 2077 1180 2217 1230; x_wconf 85' lang='lat' dir='ltr'><em>accipit</em></span> <span class='ocrx_word' id='word_1_584' title='bbox 2247 1188 2426 1216; x_wconf 82' lang='lat' dir='ltr'><em>naturam</em></span> 
     </span>
     <span class='ocr_line' id='line_1_82' title="bbox 1307 1232 2424 1284; baseline -0.005 -11"><span class='ocrx_word' id='word_1_585' title='bbox 1307 1264 1333 1283; x_wconf 83' lang='lat'><em>,‚</em></span> <span class='ocrx_word' id='word_1_586' title='bbox 1361 1235 1536 1273; x_wconf 82' lang='lat' dir='ltr'><em>divinam</em></span> <span class='ocrx_word' id='word_1_587' title='bbox 1579 1248 1601 1271; x_wconf 85' lang='lat' dir='ltr'><em>a</em></span> <span class='ocrx_word' id='word_1_588' title='bbox 1631 1233 1764 1281; x_wconf 68' lang='lat' dir='ltr'><em>Patre,</em></span> <span class='ocrx_word' id='word_1_589' title='bbox 1812 1233 1846 1270; x_wconf 73' lang='lat' dir='ltr'><em>St</em></span> <span class='ocrx_word' id='word_1_590' title='bbox 1877 1232 2044 1284; x_wconf 83' lang='lat' dir='ltr'><em>Spiritus</em></span> <span class='ocrx_word' id='word_1_591' title='bbox 2072 1232 2113 1271; x_wconf 87' lang='lat' dir='ltr'><em>S.</em></span> <span class='ocrx_word' id='word_1_592' title='bbox 2144 1232 2194 1269; x_wconf 86' lang='lat' dir='ltr'><em>ab</em></span> <span class='ocrx_word' id='word_1_593' title='bbox 2238 1240 2424 1283; x_wconf 80' lang='lat' dir='ltr'><em>utroque,</em></span> 
     </span>
     <span class='ocr_line' id='line_1_83' title="bbox 1364 1284 2426 1326; baseline -0.005 -1"><span class='ocrx_word' id='word_1_594' title='bbox 1364 1289 1414 1325; x_wconf 88' lang='lat' dir='ltr'><em>ita</em></span> <span class='ocrx_word' id='word_1_595' title='bbox 1444 1288 1560 1326; x_wconf 84' lang='lat' dir='ltr'><em>etiam</em></span> <span class='ocrx_word' id='word_1_596' title='bbox 1591 1289 1710 1325; x_wconf 85' lang='lat' dir='ltr'><em>virtus</em></span> <span class='ocrx_word' id='word_1_597' title='bbox 1739 1286 1893 1326; x_wconf 84' lang='lat' dir='ltr'><em>creandi</em></span> <span class='ocrx_word' id='word_1_598' title='bbox 1925 1285 2012 1323; x_wconf 87' lang='lat' dir='ltr'><em>lieet</em></span> <span class='ocrx_word' id='word_1_599' title='bbox 2041 1285 2087 1323; x_wconf 87' lang='lat' dir='ltr'><em>sit</em></span> <span class='ocrx_word' id='word_1_600' title='bbox 2116 1286 2332 1322; x_wconf 85' lang='lat' dir='ltr'><em>communis</em></span> <span class='ocrx_word' id='word_1_601' title='bbox 2361 1284 2426 1321; x_wconf 55' lang='lat' dir='ltr'><em>trin</em></span> 
     </span>
     <span class='ocr_line' id='line_1_84' title="bbox 1361 1338 2426 1393; baseline -0.005 -14"><span class='ocrx_word' id='word_1_602' title='bbox 1361 1341 1432 1380; x_wconf 79' lang='lat' dir='ltr'><em>bus</em></span> <span class='ocrx_word' id='word_1_603' title='bbox 1461 1343 1659 1393; x_wconf 73' lang='lat' dir='ltr'><em>personis,</em></span> <span class='ocrx_word' id='word_1_604' title='bbox 1687 1341 1824 1378; x_wconf 86' lang='lat' dir='ltr'><em>ordine</em></span> <span class='ocrx_word' id='word_1_605' title='bbox 1852 1347 1981 1376; x_wconf 88' lang='lat' dir='ltr'><em>tamen</em></span> <span class='ocrx_word' id='word_1_606' title='bbox 2010 1338 2178 1392; x_wconf 86' lang='lat' dir='ltr'><em>quodam</em></span> <span class='ocrx_word' id='word_1_607' title='bbox 2207 1338 2259 1374; x_wconf 86' lang='lat' dir='ltr'><em>eis</em></span> <span class='ocrx_word' id='word_1_608' title='bbox 2288 1351 2426 1376; x_wconf 84' lang='lat' dir='ltr'><em>conve-</em></span> 
     </span>
     <span class='ocr_line' id='line_1_85' title="bbox 1362 1390 2426 1443; baseline -0.005 -11"><span class='ocrx_word' id='word_1_609' title='bbox 1362 1396 1443 1433; x_wconf 85' lang='lat' dir='ltr'><em>nit.</em></span> <span class='ocrx_word' id='word_1_610' title='bbox 1474 1393 1574 1432; x_wconf 88' lang='lat' dir='ltr'><em>Nam</em></span> <span class='ocrx_word' id='word_1_611' title='bbox 1605 1392 1734 1435; x_wconf 82' lang='lat' dir='ltr'><em>Filius</em></span> <span class='ocrx_word' id='word_1_612' title='bbox 1761 1392 1875 1431; x_wconf 90' lang='lat' dir='ltr'><em>habet</em></span> <span class='ocrx_word' id='word_1_613' title='bbox 1904 1406 1990 1429; x_wconf 84' lang='lat' dir='ltr'><em>eam</em></span> <span class='ocrx_word' id='word_1_614' title='bbox 2020 1406 2042 1428; x_wconf 85' lang='lat' dir='ltr'><em>a</em></span> <span class='ocrx_word' id='word_1_615' title='bbox 2073 1391 2208 1438; x_wconf 86' lang='lat' dir='ltr'><em>Patre,</em></span> <span class='ocrx_word' id='word_1_616' title='bbox 2238 1390 2273 1429; x_wconf 66' lang='grc' dir='ltr'><em>δε,</em></span> <span class='ocrx_word' id='word_1_617' title='bbox 2302 1390 2426 1443; x_wconf 88' lang='lat' dir='ltr'><em>Spiri-</em></span> 
     </span>
     <span class='ocr_line' id='line_1_86' title="bbox 1361 1444 2425 1499; baseline -0.005 -13"><span class='ocrx_word' id='word_1_618' title='bbox 1361 1457 1419 1487; x_wconf 86' lang='lat' dir='ltr'><em>tus</em></span> <span class='ocrx_word' id='word_1_619' title='bbox 1461 1456 1609 1485; x_wconf 86' lang='lat' dir='ltr'><em>sanctus</em></span> <span class='ocrx_word' id='word_1_620' title='bbox 1638 1446 1687 1485; x_wconf 84' lang='lat' dir='ltr'><em>ab</em></span> <span class='ocrx_word' id='word_1_621' title='bbox 1726 1455 1915 1499; x_wconf 84' lang='lat' dir='ltr'><em>utroque.</em></span> <span class='ocrx_word' id='word_1_622' title='bbox 1959 1444 2070 1482; x_wconf 85' lang='lat' dir='ltr'><em>Unde</em></span> <span class='ocrx_word' id='word_1_623' title='bbox 2099 1453 2308 1483; x_wconf 85' lang='lat' dir='ltr'><em>creatorem</em></span> <span class='ocrx_word' id='word_1_624' title='bbox 2349 1458 2425 1481; x_wconf 88' lang='lat' dir='ltr'><em>esse</em></span> 
     </span>
     <span class='ocr_line' id='line_1_87' title="bbox 1361 1496 2424 1549; baseline -0.004 -10"><span class='ocrx_word' id='word_1_625' title='bbox 1361 1501 1583 1539; x_wconf 75' lang='lat' dir='ltr'><em>attribuitur</em></span> <span class='ocrx_word' id='word_1_626' title='bbox 1613 1499 1742 1548; x_wconf 81' lang='lat' dir='ltr'><em>Patri,</em></span> <span class='ocrx_word' id='word_1_627' title='bbox 1787 1509 1826 1538; x_wconf 90' lang='lat' dir='ltr'><em>nt</em></span> <span class='ocrx_word' id='word_1_628' title='bbox 1856 1500 1918 1547; x_wconf 84' lang='lat' dir='ltr'><em>ei,</em></span> <span class='ocrx_word' id='word_1_629' title='bbox 1960 1500 2029 1549; x_wconf 86' lang='lat' dir='ltr'><em>qui</em></span> <span class='ocrx_word' id='word_1_630' title='bbox 2060 1510 2131 1535; x_wconf 85' lang='lat' dir='ltr'><em>non</em></span> <span class='ocrx_word' id='word_1_631' title='bbox 2162 1496 2274 1535; x_wconf 84' lang='lat' dir='ltr'><em>habet</em></span> <span class='ocrx_word' id='word_1_632' title='bbox 2304 1498 2424 1535; x_wconf 76' lang='lat' dir='ltr'><em>virtu-</em></span> 
     </span>
     <span class='ocr_line' id='line_1_88' title="bbox 1363 1550 2423 1596; baseline -0.007 -3"><span class='ocrx_word' id='word_1_633' title='bbox 1363 1564 1438 1596; x_wconf 81' lang='lat' dir='ltr'><em>tem</em></span> <span class='ocrx_word' id='word_1_634' title='bbox 1467 1555 1621 1596; x_wconf 80' lang='lat' dir='ltr'><em>creandi</em></span> <span class='ocrx_word' id='word_1_635' title='bbox 1651 1553 1700 1591; x_wconf 87' lang='lat' dir='ltr'><em>ab</em></span> <span class='ocrx_word' id='word_1_636' title='bbox 1731 1553 1834 1592; x_wconf 79' lang='lat' dir='ltr'><em>alin.</em></span> <span class='ocrx_word' id='word_1_637' title='bbox 1883 1552 1942 1590; x_wconf 84' lang='lat' dir='ltr'><em>De</em></span> <span class='ocrx_word' id='word_1_638' title='bbox 1973 1551 2076 1592; x_wconf 71' lang='lat' dir='ltr'><em>Filio</em></span> <span class='ocrx_word' id='word_1_639' title='bbox 2104 1560 2230 1588; x_wconf 84' lang='lat' dir='ltr'><em>autem</em></span> <span class='ocrx_word' id='word_1_640' title='bbox 2261 1550 2423 1589; x_wconf 82' lang='lat' dir='ltr'><em>dicitur:</em></span> 
     </span>
     <span class='ocr_line' id='line_1_89' title="bbox 1365 1603 2422 1661; baseline -0.006 -15"><span class='ocrx_word' id='word_1_641' title='bbox 1365 1623 1433 1661; x_wconf 87' lang='lat' dir='ltr'><em>per</em></span> <span class='ocrx_word' id='word_1_642' title='bbox 1462 1622 1578 1660; x_wconf 86' lang='lat' dir='ltr'><em>quem</em></span> <span class='ocrx_word' id='word_1_643' title='bbox 1606 1608 1734 1645; x_wconf 77' lang='lat' dir='ltr'><em>omnia</em></span> <span class='ocrx_word' id='word_1_644' title='bbox 1763 1606 1861 1645; x_wconf 69' lang='lat' dir='ltr'><em>facia</em></span> <span class='ocrx_word' id='word_1_645' title='bbox 1892 1615 1997 1652; x_wconf 77' lang='lat' dir='ltr'><em>sunt,</em></span> <span class='ocrx_word' id='word_1_646' title='bbox 2040 1605 2270 1656; x_wconf 81' lang='lat' dir='ltr'><em>inquantum</em></span> <span class='ocrx_word' id='word_1_647' title='bbox 2310 1603 2422 1641; x_wconf 79' lang='lat' dir='ltr'><em>habet</em></span> 
     </span>
     <span class='ocr_line' id='line_1_90' title="bbox 1364 1657 2425 1708; baseline -0.006 -8"><span class='ocrx_word' id='word_1_648' title='bbox 1364 1662 1538 1700; x_wconf 87' lang='lat' dir='ltr'><em>eamdem</em></span> <span class='ocrx_word' id='word_1_649' title='bbox 1569 1662 1747 1700; x_wconf 81' lang='lat' dir='ltr'><em>virtutem</em></span> <span class='ocrx_word' id='word_1_650' title='bbox 1766 1691 1777 1708; x_wconf 92' lang='lat'><em>,</em></span> <span class='ocrx_word' id='word_1_651' title='bbox 1824 1661 1887 1697; x_wconf 81' lang='lat' dir='ltr'><em>sed</em></span> <span class='ocrx_word' id='word_1_652' title='bbox 1936 1659 1984 1697; x_wconf 83' lang='lat' dir='ltr'><em>ab</em></span> <span class='ocrx_word' id='word_1_653' title='bbox 2031 1657 2135 1704; x_wconf 80' lang='lat' dir='ltr'><em>alio3</em></span> <span class='ocrx_word' id='word_1_654' title='bbox 2184 1672 2276 1696; x_wconf 87' lang='lat' dir='ltr'><em>nam</em></span> <span class='ocrx_word' id='word_1_655' title='bbox 2325 1670 2425 1708; x_wconf 78' lang='lat' dir='ltr'><em>prae-</em></span> 
     </span>
     <span class='ocr_line' id='line_1_91' title="bbox 1307 1710 2424 1771; baseline -0.004 -18"><span class='ocrx_word' id='word_1_656' title='bbox 1307 1746 1334 1765; x_wconf 84' lang='lat'><strong>„</strong></span> <span class='ocrx_word' id='word_1_657' title='bbox 1365 1716 1498 1771; x_wconf 86' lang='lat' dir='ltr'><em>positio</em></span> <span class='ocrx_word' id='word_1_658' title='bbox 1526 1727 1596 1764; x_wconf 85' lang='lat' dir='ltr'><em>per</em></span> <span class='ocrx_word' id='word_1_659' title='bbox 1624 1713 1715 1752; x_wconf 88' lang='lat' dir='ltr'><em>solet</em></span> <span class='ocrx_word' id='word_1_660' title='bbox 1743 1714 1922 1754; x_wconf 82' lang='lat' dir='ltr'><em>denotare</em></span> <span class='ocrx_word' id='word_1_661' title='bbox 1950 1726 2105 1751; x_wconf 85' lang='lat' dir='ltr'><em>causam</em></span> <span class='ocrx_word' id='word_1_662' title='bbox 2121 1711 2286 1749; x_wconf 85' lang='lat' dir='ltr'><em>mediam</em></span> <span class='ocrx_word' id='word_1_663' title='bbox 2305 1740 2315 1757; x_wconf 92' lang='lat'><em>,</em></span> <span class='ocrx_word' id='word_1_664' title='bbox 2345 1710 2424 1749; x_wconf 85' lang='lat' dir='ltr'><em>sive</em></span> 
     </span>
     <span class='ocr_line' id='line_1_92' title="bbox 1310 1764 2419 1820; baseline -0.006 -14"><span class='ocrx_word' id='word_1_665' title='bbox 1310 1799 1337 1817; x_wconf 86' lang='lat'>„</span> <span class='ocrx_word' id='word_1_666' title='bbox 1368 1769 1605 1820; x_wconf 81' lang='lat' dir='ltr'><em>principium</em></span> <span class='ocrx_word' id='word_1_667' title='bbox 1635 1768 1682 1805; x_wconf 92' lang='lat' dir='ltr'><em>de</em></span> <span class='ocrx_word' id='word_1_668' title='bbox 1712 1768 1931 1818; x_wconf 82' lang='lat' dir='ltr'><em>principio.</em></span> <span class='ocrx_word' id='word_1_669' title='bbox 1973 1765 2047 1803; x_wconf 87' lang='lat' dir='ltr'><em>Sed</em></span> <span class='ocrx_word' id='word_1_670' title='bbox 2077 1764 2241 1816; x_wconf 84' lang='lat' dir='ltr'><em>Spiritui</em></span> <span class='ocrx_word' id='word_1_671' title='bbox 2271 1772 2419 1811; x_wconf 83' lang='lat' dir='ltr'><em>sancto,</em></span> 
     </span>
     <span class='ocr_line' id='line_1_93' title="bbox 1309 1817 2424 1873; baseline -0.004 -14"><span class='ocrx_word' id='word_1_672' title='bbox 1309 1851 1336 1870; x_wconf 85' lang='lat'><em>,‚</em></span> <span class='ocrx_word' id='word_1_673' title='bbox 1365 1823 1433 1873; x_wconf 89' lang='lat' dir='ltr'><em>qui</em></span> <span class='ocrx_word' id='word_1_674' title='bbox 1463 1820 1574 1857; x_wconf 78' lang='lat' dir='ltr'><em>habet</em></span> <span class='ocrx_word' id='word_1_675' title='bbox 1604 1821 1777 1858; x_wconf 83' lang='lat' dir='ltr'><em>eamdem</em></span> <span class='ocrx_word' id='word_1_676' title='bbox 1808 1822 1989 1858; x_wconf 86' lang='lat' dir='ltr'><em>virtutem</em></span> <span class='ocrx_word' id='word_1_677' title='bbox 2017 1818 2067 1859; x_wconf 83' lang='lat' dir='ltr'><em>ah</em></span> <span class='ocrx_word' id='word_1_678' title='bbox 2098 1827 2279 1869; x_wconf 86' lang='lat' dir='ltr'><em>utroque,</em></span> <span class='ocrx_word' id='word_1_679' title='bbox 2323 1817 2424 1854; x_wconf 85' lang='lat' dir='ltr'><em>attri-</em></span> 
     </span>
     <span class='ocr_line' id='line_1_94' title="bbox 1310 1868 2421 1923; baseline -0.004 -13"><span class='ocrx_word' id='word_1_680' title='bbox 1310 1903 1337 1923; x_wconf 64' lang='lat'><em>,2</em></span> <span class='ocrx_word' id='word_1_681' title='bbox 1366 1873 1499 1912; x_wconf 86' lang='lat' dir='ltr'><em>buitur</em></span> <span class='ocrx_word' id='word_1_682' title='bbox 1517 1901 1527 1919; x_wconf 85' lang='grc'>,</span> <span class='ocrx_word' id='word_1_683' title='bbox 1557 1872 1660 1923; x_wconf 84' lang='lat' dir='ltr'><em>quod</em></span> <span class='ocrx_word' id='word_1_684' title='bbox 1681 1871 1914 1908; x_wconf 85' lang='lat' dir='ltr'><em>dominando</em></span> <span class='ocrx_word' id='word_1_685' title='bbox 1929 1871 2138 1922; x_wconf 79' lang='lat' dir='ltr'><em>gubernet,</em></span> <span class='ocrx_word' id='word_1_686' title='bbox 2169 1870 2202 1906; x_wconf 86' lang='lat'>&amp;</span> <span class='ocrx_word' id='word_1_687' title='bbox 2233 1868 2421 1918; x_wconf 87' lang='lat' dir='ltr'><em>vivificet,</em></span> 
     </span>
     <span class='ocr_line' id='line_1_95' title="bbox 1310 1921 2211 1977; baseline -0.003 -14"><span class='ocrx_word' id='word_1_688' title='bbox 1310 1955 1336 1974; x_wconf 83' lang='lat'><strong>„</strong></span> <span class='ocrx_word' id='word_1_689' title='bbox 1365 1941 1454 1977; x_wconf 81' lang='lat' dir='ltr'><em>quae</em></span> <span class='ocrx_word' id='word_1_690' title='bbox 1485 1935 1568 1962; x_wconf 80' lang='lat' dir='ltr'><em>sum</em></span> <span class='ocrx_word' id='word_1_691' title='bbox 1599 1934 1722 1964; x_wconf 80' lang='lat' dir='ltr'><em>creata</em></span> <span class='ocrx_word' id='word_1_692' title='bbox 1751 1939 1773 1961; x_wconf 84' lang='lat' dir='ltr'><em>a</em></span> <span class='ocrx_word' id='word_1_693' title='bbox 1803 1923 1910 1961; x_wconf 85' lang='lat' dir='ltr'><em>Patre</em></span> <span class='ocrx_word' id='word_1_694' title='bbox 1942 1936 2008 1974; x_wconf 89' lang='lat' dir='ltr'><em>per</em></span> <span class='ocrx_word' id='word_1_695' title='bbox 2038 1921 2211 1963; x_wconf 86' lang='lat' dir='ltr'><em>Filium.</em></span> 
     </span>
    </p>

    <p class='ocr_par' dir='ltr' id='par_1_12' title="bbox 1305 1974 2426 2139">
     <span class='ocr_line' id='line_1_96' title="bbox 1362 1974 2425 2026; baseline -0.003 -10"><span class='ocrx_word' id='word_1_696' title='bbox 1362 1979 1428 2017; x_wconf 81' lang='grc'><em>68.</em></span> <span class='ocrx_word' id='word_1_697' title='bbox 1460 1978 1620 2024; x_wconf 83' lang='lat' dir='ltr'><em>Quaeres</em></span> <span class='ocrx_word' id='word_1_698' title='bbox 1640 1978 1775 2023; x_wconf 78' lang='lat' dir='ltr'><em>tertio,</em></span> <span class='ocrx_word' id='word_1_699' title='bbox 1806 1990 1862 2013; x_wconf 71' lang='lat' dir='ltr'><em>an.</em></span> <span class='ocrx_word' id='word_1_700' title='bbox 1893 1989 2028 2014; x_wconf 82' lang='lat' dir='ltr'><em>rerum</em></span> <span class='ocrx_word' id='word_1_701' title='bbox 2047 1979 2199 2015; x_wconf 86' lang='lat' dir='ltr'><em>creatio</em></span> <span class='ocrx_word' id='word_1_702' title='bbox 2227 1974 2425 2026; x_wconf 76' lang='lat' dir='ltr'><em>descripta</em></span> 
     </span>
     <span class='ocr_line' id='line_1_97' title="bbox 1307 2028 2426 2083; baseline -0.004 -14"><span class='ocrx_word' id='word_1_703' title='bbox 1307 2046 1336 2069; x_wconf 84' lang='lat' dir='ltr'><em>a</em></span> <span class='ocrx_word' id='word_1_704' title='bbox 1365 2031 1516 2083; x_wconf 84' lang='lat' dir='ltr'><em>Moyse</em></span> <span class='ocrx_word' id='word_1_705' title='bbox 1544 2029 1806 2083; x_wconf 76' lang='lat' dir='ltr'><em>intelligenda</em></span> <span class='ocrx_word' id='word_1_706' title='bbox 1836 2033 1886 2070; x_wconf 73' lang='lat' dir='ltr'><em>sit</em></span> <span class='ocrx_word' id='word_1_707' title='bbox 1915 2033 1956 2067; x_wconf 86' lang='lat' dir='ltr'><em>in</em></span> <span class='ocrx_word' id='word_1_708' title='bbox 1985 2041 2105 2070; x_wconf 82' lang='lat' dir='ltr'><em>sensu</em></span> <span class='ocrx_word' id='word_1_709' title='bbox 2120 2028 2336 2083; x_wconf 81' lang='lat' dir='ltr'><em>figurato,</em></span> <span class='ocrx_word' id='word_1_710' title='bbox 2375 2029 2426 2071; x_wconf 77' lang='grc'><em>(9·</em></span> 
     </span>
     <span class='ocr_line' id='line_1_98' title="bbox 1305 2083 2179 2139; baseline -0.002 -17"><span class='ocrx_word' id='word_1_711' title='bbox 1305 2090 1479 2139; x_wconf 74' lang='lat' dir='ltr'><em>mystico</em></span> <span class='ocrx_word' id='word_1_712' title='bbox 1497 2083 1522 2123; x_wconf 77' lang='lat'><em>?</em></span> <span class='ocrx_word' id='word_1_713' title='bbox 1682 2084 1688 2087; x_wconf 69' lang='grc'><strong>”</strong></span> <span class='ocrx_word' id='word_1_714' title='bbox 2176 2083 2179 2085; x_wconf 72' lang='grc'><strong>’</strong></span> 
     </span>
    </p>

    <p class='ocr_par' dir='ltr' id='par_1_13' title="bbox 1300 2135 2422 2713">
     <span class='ocr_line' id='line_1_99' title="bbox 1358 2135 2419 2191; baseline -0.003 -16"><span class='ocrx_word' id='word_1_715' title='bbox 1358 2138 1425 2190; x_wconf 78' lang='lat'><em>69.</em></span> <span class='ocrx_word' id='word_1_716' title='bbox 1456 2138 1598 2191; x_wconf 79' lang='lat' dir='ltr'><em>Resp.,</em></span> <span class='ocrx_word' id='word_1_717' title='bbox 1629 2136 1862 2178; x_wconf 83' lang='lat' dir='ltr'><em>fuissehunc</em></span> <span class='ocrx_word' id='word_1_718' title='bbox 1882 2150 2005 2176; x_wconf 89' lang='lat' dir='ltr'><em>unum</em></span> <span class='ocrx_word' id='word_1_719' title='bbox 2021 2149 2066 2176; x_wconf 84' lang='lat' dir='ltr'><em>ex</em></span> <span class='ocrx_word' id='word_1_720' title='bbox 2082 2135 2296 2182; x_wconf 86' lang='lat' dir='ltr'><em>erroribus,</em></span> <span class='ocrx_word' id='word_1_721' title='bbox 2326 2148 2419 2188; x_wconf 82' lang='lat' dir='ltr'><em>quos</em></span> 
     </span>
     <span class='ocr_line' id='line_1_100' title="bbox 1301 2187 2422 2243; baseline -0.004 -14"><span class='ocrx_word' id='word_1_722' title='bbox 1301 2193 1341 2230; x_wconf 88' lang='lat' dir='ltr'><em>in</em></span> <span class='ocrx_word' id='word_1_723' title='bbox 1369 2192 1534 2243; x_wconf 84' lang='lat' dir='ltr'><em>Origene</em></span> <span class='ocrx_word' id='word_1_724' title='bbox 1574 2192 1707 2231; x_wconf 85' lang='lat' dir='ltr'><em>merito</em></span> <span class='ocrx_word' id='word_1_725' title='bbox 1752 2190 2050 2242; x_wconf 72' lang='lat' dir='ltr'><em>reprehendebat</em></span> <span class='ocrx_word' id='word_1_726' title='bbox 2078 2188 2118 2226; x_wconf 80' lang='lat' dir='ltr'><em>S.</em></span> <span class='ocrx_word' id='word_1_727' title='bbox 2150 2187 2422 2243; x_wconf 82' lang='lat' dir='ltr'><em>Epiphanius,</em></span> 
     </span>
     <span class='ocr_line' id='line_1_101' title="bbox 1301 2241 2419 2289; baseline -0.004 -7"><span class='ocrx_word' id='word_1_728' title='bbox 1301 2259 1393 2283; x_wconf 88' lang='lat' dir='ltr'><em>cum</em></span> <span class='ocrx_word' id='word_1_729' title='bbox 1423 2246 1463 2282; x_wconf 92' lang='lat' dir='ltr'><em>in</em></span> <span class='ocrx_word' id='word_1_730' title='bbox 1494 2245 1583 2283; x_wconf 87' lang='lat' dir='ltr'><em>Lib.</em></span> <span class='ocrx_word' id='word_1_731' title='bbox 1615 2243 1662 2282; x_wconf 82' lang='lat' dir='ltr'><em>de</em></span> <span class='ocrx_word' id='word_1_732' title='bbox 1691 2242 1923 2283; x_wconf 71' lang='lat' dir='ltr'><em>Haerestbus</em></span> <span class='ocrx_word' id='word_1_733' title='bbox 1952 2241 2148 2287; x_wconf 51' lang='lat' dir='ltr'><em>nums6l4.</em></span> <span class='ocrx_word' id='word_1_734' title='bbox 2167 2272 2177 2289; x_wconf 88' lang='lat'><em>,</em></span> <span class='ocrx_word' id='word_1_735' title='bbox 2208 2251 2289 2279; x_wconf 84' lang='lat' dir='ltr'><em>tum</em></span> <span class='ocrx_word' id='word_1_736' title='bbox 2307 2241 2419 2287; x_wconf 8' lang='lat' dir='ltr'><em>,mul—</em></span> 
     </span>
     <span class='ocr_line' id='line_1_102' title="bbox 1301 2293 2417 2350; baseline -0.005 -13"><span class='ocrx_word' id='word_1_737' title='bbox 1301 2307 1338 2337; x_wconf 78' lang='lat' dir='ltr'><em>to</em></span> <span class='ocrx_word' id='word_1_738' title='bbox 1365 2301 1491 2337; x_wconf 79' lang='lat' dir='ltr'><em>acrius</em></span> <span class='ocrx_word' id='word_1_739' title='bbox 1521 2302 1559 2336; x_wconf 87' lang='lat' dir='ltr'><em>in</em></span> <span class='ocrx_word' id='word_1_740' title='bbox 1589 2297 1815 2345; x_wconf 61' lang='lat' dir='ltr'><em>Ant-ortuo,</em></span> <span class='ocrx_word' id='word_1_741' title='bbox 1847 2297 1948 2350; x_wconf 79' lang='lat' dir='ltr'><em>quod</em></span> <span class='ocrx_word' id='word_1_742' title='bbox 1978 2294 2156 2335; x_wconf 85' lang='lat' dir='ltr'><em>videlicet</em></span> <span class='ocrx_word' id='word_1_743' title='bbox 2184 2304 2300 2333; x_wconf 84' lang='lat' dir='ltr'><em>totam</em></span> <span class='ocrx_word' id='word_1_744' title='bbox 2331 2293 2417 2332; x_wconf 84' lang='lat' dir='ltr'><em>Mo-</em></span> 
     </span>
     <span class='ocr_line' id='line_1_103' title="bbox 1302 2348 2417 2401; baseline -0.005 -10"><span class='ocrx_word' id='word_1_745' title='bbox 1302 2353 1444 2392; x_wconf 82' lang='lat' dir='ltr'><em>saicam</em></span> <span class='ocrx_word' id='word_1_746' title='bbox 1476 2351 1672 2390; x_wconf 79' lang='lat' dir='ltr'><em>historiam</em></span> <span class='ocrx_word' id='word_1_747' title='bbox 1702 2351 1749 2387; x_wconf 89' lang='lat' dir='ltr'><em>de</em></span> <span class='ocrx_word' id='word_1_748' title='bbox 1778 2351 1912 2388; x_wconf 87' lang='lat' dir='ltr'><em>mundi</em></span> <span class='ocrx_word' id='word_1_749' title='bbox 1932 2351 2060 2401; x_wconf 85' lang='lat' dir='ltr'><em>genesi</em></span> <span class='ocrx_word' id='word_1_750' title='bbox 2090 2348 2136 2387; x_wconf 89' lang='lat' dir='ltr'><em>ad</em></span> <span class='ocrx_word' id='word_1_751' title='bbox 2167 2361 2319 2387; x_wconf 86' lang='lat' dir='ltr'><em>sensum</em></span> <span class='ocrx_word' id='word_1_752' title='bbox 2338 2350 2417 2399; x_wconf 68' lang='lat' dir='ltr'><em>spi-</em></span> 
     </span>
     <span class='ocr_line' id='line_1_104' title="bbox 1301 2402 2416 2457; baseline -0.003 -14"><span class='ocrx_word' id='word_1_753' title='bbox 1301 2405 1480 2446; x_wconf 79' lang='lat' dir='ltr'><em>ritualem</em></span> <span class='ocrx_word' id='word_1_754' title='bbox 1500 2436 1509 2454; x_wconf 89' lang='lat'><em>,</em></span> <span class='ocrx_word' id='word_1_755' title='bbox 1555 2404 1588 2443; x_wconf 73' lang='grc' dir='ltr'><em>δε,</em></span> <span class='ocrx_word' id='word_1_756' title='bbox 1618 2405 1825 2457; x_wconf 65' lang='lat' dir='ltr'><em>mysticum</em></span> <span class='ocrx_word' id='word_1_757' title='bbox 1855 2404 2036 2442; x_wconf 79' lang='lat' dir='ltr'><em>referret.</em></span> <span class='ocrx_word' id='word_1_758' title='bbox 2085 2402 2258 2440; x_wconf 86' lang='lat' dir='ltr'><em>Vetitum</em></span> <span class='ocrx_word' id='word_1_759' title='bbox 2288 2411 2416 2440; x_wconf 79' lang='lat' dir='ltr'><em>tamen</em></span> 
     </span>
     <span class='ocr_line' id='line_1_105' title="bbox 1300 2453 2417 2509; baseline -0.007 -11"><span class='ocrx_word' id='word_1_760' title='bbox 1300 2472 1376 2498; x_wconf 81' lang='lat' dir='ltr'><em>non</em></span> <span class='ocrx_word' id='word_1_761' title='bbox 1407 2468 1478 2506; x_wconf 77' lang='lat' dir='ltr'><em>est,</em></span> <span class='ocrx_word' id='word_1_762' title='bbox 1510 2458 1577 2496; x_wconf 87' lang='lat' dir='ltr'><em>ubi</em></span> <span class='ocrx_word' id='word_1_763' title='bbox 1607 2458 1740 2509; x_wconf 73' lang='lat' dir='ltr'><em>gravia</em></span> <span class='ocrx_word' id='word_1_764' title='bbox 1770 2458 1890 2497; x_wconf 81' lang='lat' dir='ltr'><em>adsint</em></span> <span class='ocrx_word' id='word_1_765' title='bbox 1921 2457 2188 2502; x_wconf 82' lang='lat' dir='ltr'><em>fundamenta,</em></span> <span class='ocrx_word' id='word_1_766' title='bbox 2220 2453 2280 2492; x_wconf 82' lang='lat' dir='ltr'><em>vel</em></span> <span class='ocrx_word' id='word_1_767' title='bbox 2311 2468 2356 2491; x_wconf 77' lang='lat' dir='ltr'><em>ex</em></span> <span class='ocrx_word' id='word_1_768' title='bbox 2377 2469 2417 2491; x_wconf 59' lang='lat' dir='ltr'><em>a«</em></span> 
     </span>
     <span class='ocr_line' id='line_1_106' title="bbox 1301 2509 2418 2562; baseline -0.006 -10"><span class='ocrx_word' id='word_1_769' title='bbox 1301 2511 1364 2553; x_wconf 82' lang='lat' dir='ltr'><em>liis</em></span> <span class='ocrx_word' id='word_1_770' title='bbox 1394 2512 1434 2551; x_wconf 81' lang='lat' dir='ltr'><em>S.</em></span> <span class='ocrx_word' id='word_1_771' title='bbox 1464 2512 1676 2562; x_wconf 73' lang='lat' dir='ltr'><em>Scripturas</em></span> <span class='ocrx_word' id='word_1_772' title='bbox 1707 2510 1827 2558; x_wconf 82' lang='lat' dir='ltr'><em>locis,</em></span> <span class='ocrx_word' id='word_1_773' title='bbox 1876 2510 1934 2548; x_wconf 90' lang='lat' dir='ltr'><em>vel</em></span> <span class='ocrx_word' id='word_1_774' title='bbox 1965 2511 2079 2550; x_wconf 82' lang='lat' dir='ltr'><em>etiam</em></span> <span class='ocrx_word' id='word_1_775' title='bbox 2123 2522 2169 2549; x_wconf 70' lang='lat' dir='ltr'><em>ex</em></span> <span class='ocrx_word' id='word_1_776' title='bbox 2213 2509 2418 2561; x_wconf 83' lang='lat' dir='ltr'><em>perspicua</em></span> 
     </span>
     <span class='ocr_line' id='line_1_107' title="bbox 1301 2559 2417 2617; baseline -0.006 -13"><span class='ocrx_word' id='word_1_777' title='bbox 1301 2567 1466 2614; x_wconf 87' lang='lat' dir='ltr'><em>ratione,</em></span> <span class='ocrx_word' id='word_1_778' title='bbox 1497 2565 1677 2617; x_wconf 58' lang='lat' dir='ltr'><em>quas-&amp;lam</em></span> <span class='ocrx_word' id='word_1_779' title='bbox 1710 2564 1763 2602; x_wconf 90' lang='lat' dir='ltr'><em>ibi</em></span> <span class='ocrx_word' id='word_1_780' title='bbox 1795 2565 1962 2615; x_wconf 82' lang='lat' dir='ltr'><em>exposita</em></span> <span class='ocrx_word' id='word_1_781' title='bbox 1982 2563 2142 2614; x_wconf 80' lang='lat' dir='ltr'><em>figurato</em></span> <span class='ocrx_word' id='word_1_782' title='bbox 2170 2576 2279 2599; x_wconf 87' lang='lat' dir='ltr'><em>sensu</em></span> <span class='ocrx_word' id='word_1_783' title='bbox 2311 2559 2417 2598; x_wconf 76' lang='lat' dir='ltr'><em>intel-</em></span> 
     </span>
     <span class='ocr_line' id='line_1_108' title="bbox 1300 2614 2416 2671; baseline -0.004 -15"><span class='ocrx_word' id='word_1_784' title='bbox 1300 2619 1444 2671; x_wconf 78' lang='lat' dir='ltr'><em>ligere,</em></span> <span class='ocrx_word' id='word_1_785' title='bbox 1494 2620 1532 2656; x_wconf 92' lang='lat' dir='ltr'><em>in</em></span> <span class='ocrx_word' id='word_1_786' title='bbox 1563 2632 1640 2671; x_wconf 84' lang='lat' dir='ltr'><em>quo</em></span> <span class='ocrx_word' id='word_1_787' title='bbox 1680 2617 1854 2670; x_wconf 86' lang='lat' dir='ltr'><em>plerique</em></span> <span class='ocrx_word' id='word_1_788' title='bbox 1882 2617 2011 2657; x_wconf 77' lang='lat' dir='ltr'><em>Sanct.</em></span> <span class='ocrx_word' id='word_1_789' title='bbox 2043 2616 2199 2656; x_wconf 75' lang='lat' dir='ltr'><em>Patrutn</em></span> <span class='ocrx_word' id='word_1_790' title='bbox 2241 2614 2416 2666; x_wconf 79' lang='lat' dir='ltr'><em>exemplo</em></span> 
     </span>
     <span class='ocr_line' id='line_1_109' title="bbox 1300 2673 1959 2713; baseline -0.006 -2"><span class='ocrx_word' id='word_1_791' title='bbox 1300 2687 1368 2713; x_wconf 86' lang='lat' dir='ltr'><em>suo</em></span> <span class='ocrx_word' id='word_1_792' title='bbox 1399 2675 1501 2711; x_wconf 87' lang='lat' dir='ltr'><em>viam</em></span> <span class='ocrx_word' id='word_1_793' title='bbox 1532 2673 1642 2710; x_wconf 79' lang='lat' dir='ltr'><em>uobis</em></span> <span class='ocrx_word' id='word_1_794' title='bbox 1672 2681 1959 2711; x_wconf 66' lang='lat' dir='ltr'><em>monstrarunt.</em></span> 
     </span>
    </p>

    <p class='ocr_par' dir='ltr' id='par_1_14' title="bbox 1302 2720 2421 3353">
     <span class='ocr_line' id='line_1_110' title="bbox 1359 2720 2418 2777; baseline -0.007 -13"><span class='ocrx_word' id='word_1_795' title='bbox 1359 2740 1422 2777; x_wconf 90' lang='lat'><em>70.</em></span> <span class='ocrx_word' id='word_1_796' title='bbox 1452 2726 1516 2764; x_wconf 88' lang='lat' dir='ltr'><em>Sic</em></span> <span class='ocrx_word' id='word_1_797' title='bbox 1547 2725 1658 2775; x_wconf 89' lang='lat' dir='ltr'><em>licuit</em></span> <span class='ocrx_word' id='word_1_798' title='bbox 1687 2725 1727 2762; x_wconf 90' lang='lat' dir='ltr'><em>S.</em></span> <span class='ocrx_word' id='word_1_799' title='bbox 1763 2725 1973 2775; x_wconf 72' lang='lat' dir='ltr'><em>Augustino</em></span> <span class='ocrx_word' id='word_1_800' title='bbox 1999 2724 2217 2761; x_wconf 83' lang='lat' dir='ltr'><em>distinctam</em></span> <span class='ocrx_word' id='word_1_801' title='bbox 2246 2735 2308 2759; x_wconf 84' lang='lat' dir='ltr'><em>sex</em></span> <span class='ocrx_word' id='word_1_802' title='bbox 2338 2720 2418 2758; x_wconf 85' lang='lat' dir='ltr'><em>die-</em></span> 
     </span>
     <span class='ocr_line' id='line_1_111' title="bbox 1302 2777 2417 2830; baseline -0.005 -12"><span class='ocrx_word' id='word_1_803' title='bbox 1302 2793 1390 2820; x_wconf 79' lang='lat' dir='ltr'><em>rum</em></span> <span class='ocrx_word' id='word_1_804' title='bbox 1420 2779 1748 2818; x_wconf 85' lang='lat' dir='ltr'><em>enumerationem</em></span> <span class='ocrx_word' id='word_1_805' title='bbox 1779 2793 1800 2816; x_wconf 85' lang='lat' dir='ltr'><em>a</em></span> <span class='ocrx_word' id='word_1_806' title='bbox 1830 2777 1966 2830; x_wconf 76' lang='lat' dir='ltr'><em>Moyse</em></span> <span class='ocrx_word' id='word_1_807' title='bbox 1996 2778 2133 2816; x_wconf 83' lang='lat' dir='ltr'><em>factam</em></span> <span class='ocrx_word' id='word_1_808' title='bbox 2165 2777 2323 2827; x_wconf 76' lang='lat' dir='ltr'><em>figurate</em></span> <span class='ocrx_word' id='word_1_809' title='bbox 2353 2787 2417 2812; x_wconf 77' lang='lat' dir='ltr'><em>ex-</em></span> 
     </span>
     <span class='ocr_line' id='line_1_112' title="bbox 1304 2828 2419 2885; baseline -0.005 -15"><span class='ocrx_word' id='word_1_810' title='bbox 1304 2833 1447 2885; x_wconf 88' lang='lat' dir='ltr'><em>plicare</em></span> <span class='ocrx_word' id='word_1_811' title='bbox 1476 2834 1521 2870; x_wconf 91' lang='lat' dir='ltr'><em>de</em></span> <span class='ocrx_word' id='word_1_812' title='bbox 1550 2832 1723 2870; x_wconf 87' lang='lat' dir='ltr'><em>distincta</em></span> <span class='ocrx_word' id='word_1_813' title='bbox 1765 2831 1889 2868; x_wconf 81' lang='lat' dir='ltr'><em>solum</em></span> <span class='ocrx_word' id='word_1_814' title='bbox 1926 2833 2190 2884; x_wconf 72' lang='lat' dir='ltr'><em>operationum</em></span> <span class='ocrx_word' id='word_1_815' title='bbox 2208 2860 2218 2876; x_wconf 91' lang='lat'><em>,</em></span> <span class='ocrx_word' id='word_1_816' title='bbox 2268 2828 2301 2863; x_wconf 67' lang='grc' dir='ltr'>ἃ</span> <span class='ocrx_word' id='word_1_817' title='bbox 2329 2842 2419 2879; x_wconf 87' lang='lat' dir='ltr'><em>ope-</em></span> 
     </span>
     <span class='ocr_line' id='line_1_113' title="bbox 1306 2883 2419 2937; baseline -0.005 -14"><span class='ocrx_word' id='word_1_818' title='bbox 1306 2900 1391 2924; x_wconf 86' lang='lat' dir='ltr'><em>rum</em></span> <span class='ocrx_word' id='word_1_819' title='bbox 1422 2896 1579 2933; x_wconf 80' lang='lat' dir='ltr'><em>natura,</em></span> <span class='ocrx_word' id='word_1_820' title='bbox 1610 2885 1668 2922; x_wconf 79' lang='lat' dir='ltr'><em>vel</em></span> <span class='ocrx_word' id='word_1_821' title='bbox 1699 2885 1745 2921; x_wconf 87' lang='lat' dir='ltr'><em>de</em></span> <span class='ocrx_word' id='word_1_822' title='bbox 1774 2884 1947 2923; x_wconf 83' lang='lat' dir='ltr'><em>distincta</em></span> <span class='ocrx_word' id='word_1_823' title='bbox 1977 2884 2208 2937; x_wconf 77' lang='lat' dir='ltr'><em>Angelorum</em></span> <span class='ocrx_word' id='word_1_824' title='bbox 2239 2883 2419 2933; x_wconf 78' lang='lat' dir='ltr'><em>cognitio-</em></span> 
     </span>
     <span class='ocr_line' id='line_1_114' title="bbox 1304 2935 2421 2992; baseline -0.004 -15"><span class='ocrx_word' id='word_1_825' title='bbox 1304 2954 1378 2987; x_wconf 85' lang='lat' dir='ltr'><em>ne,</em></span> <span class='ocrx_word' id='word_1_826' title='bbox 1425 2941 1473 2977; x_wconf 88' lang='lat' dir='ltr'><em>de</em></span> <span class='ocrx_word' id='word_1_827' title='bbox 1500 2954 1577 2992; x_wconf 86' lang='lat' dir='ltr'><em>qua</em></span> <span class='ocrx_word' id='word_1_828' title='bbox 1606 2939 1647 2976; x_wconf 81' lang='lat' dir='ltr'><em>S.</em></span> <span class='ocrx_word' id='word_1_829' title='bbox 1678 2938 1881 2989; x_wconf 77' lang='lat' dir='ltr'><em>Augustini</em></span> <span class='ocrx_word' id='word_1_830' title='bbox 1910 2939 2090 2989; x_wconf 85' lang='lat' dir='ltr'><em>opinione</em></span> <span class='ocrx_word' id='word_1_831' title='bbox 2118 2935 2266 2988; x_wconf 85' lang='lat' dir='ltr'><em>aliquid</em></span> <span class='ocrx_word' id='word_1_832' title='bbox 2297 2946 2421 2987; x_wconf 63' lang='lat' dir='ltr'><em>postea</em></span> 
     </span>
     <span class='ocr_line' id='line_1_115' title="bbox 1302 2988 2420 3042; baseline -0.007 -10"><span class='ocrx_word' id='word_1_833' title='bbox 1302 2993 1468 3032; x_wconf 86' lang='lat' dir='ltr'><em>dicimus</em></span> <span class='ocrx_word' id='word_1_834' title='bbox 1485 3020 1495 3030; x_wconf 96' lang='lat'><em>.</em></span> <span class='ocrx_word' id='word_1_835' title='bbox 1526 2993 1652 3033; x_wconf 86' lang='lat' dir='ltr'><em>Licuit</em></span> <span class='ocrx_word' id='word_1_836' title='bbox 1683 2991 1768 3029; x_wconf 84' lang='lat' dir='ltr'><em>aliis</em></span> <span class='ocrx_word' id='word_1_837' title='bbox 1795 2994 1975 3042; x_wconf 80' lang='lat' dir='ltr'><em>principii</em></span> <span class='ocrx_word' id='word_1_838' title='bbox 1996 2993 2152 3028; x_wconf 83' lang='lat' dir='ltr'><em>nomine</em></span> <span class='ocrx_word' id='word_1_839' title='bbox 2169 3020 2179 3035; x_wconf 88' lang='lat'>‚</span> <span class='ocrx_word' id='word_1_840' title='bbox 2209 3001 2285 3041; x_wconf 89' lang='lat' dir='ltr'><em>quo</em></span> <span class='ocrx_word' id='word_1_841' title='bbox 2305 2988 2420 3040; x_wconf 75' lang='lat' dir='ltr'><em>Moy·</em></span> 
     </span>
     <span class='ocr_line' id='line_1_116' title="bbox 1303 3043 2419 3094; baseline -0.005 -10"><span class='ocrx_word' id='word_1_842' title='bbox 1303 3062 1360 3085; x_wconf 83' lang='lat' dir='ltr'><em>ses</em></span> <span class='ocrx_word' id='word_1_843' title='bbox 1402 3061 1490 3085; x_wconf 84' lang='lat' dir='ltr'><em>usus</em></span> <span class='ocrx_word' id='word_1_844' title='bbox 1519 3056 1600 3093; x_wconf 87' lang='lat' dir='ltr'><em>est,</em></span> <span class='ocrx_word' id='word_1_845' title='bbox 1642 3045 1818 3083; x_wconf 89' lang='lat' dir='ltr'><em>Verbum</em></span> <span class='ocrx_word' id='word_1_846' title='bbox 1862 3045 2037 3084; x_wconf 85' lang='lat' dir='ltr'><em>divinum</em></span> <span class='ocrx_word' id='word_1_847' title='bbox 2082 3043 2317 3094; x_wconf 81' lang='lat' dir='ltr'><em>intelligere.</em></span> <span class='ocrx_word' id='word_1_848' title='bbox 2367 3044 2419 3079; x_wconf 79' lang='lat' dir='ltr'><em>lta.</em></span> 
     </span>
     <span class='ocr_line' id='line_1_117' title="bbox 1304 3096 2419 3149; baseline -0.008 -9"><span class='ocrx_word' id='word_1_849' title='bbox 1304 3100 1563 3140; x_wconf 68' lang='lat' dir='ltr'><em>Tertullianus</em></span> <span class='ocrx_word' id='word_1_850' title='bbox 1606 3109 1748 3136; x_wconf 84' lang='lat' dir='ltr'><em>contra</em></span> <span class='ocrx_word' id='word_1_851' title='bbox 1778 3098 1989 3136; x_wconf 79' lang='lat' dir='ltr'><em>Praxeam</em></span> <span class='ocrx_word' id='word_1_852' title='bbox 2020 3112 2104 3149; x_wconf 77' lang='lat' dir='ltr'><em>cap.</em></span> <span class='ocrx_word' id='word_1_853' title='bbox 2138 3098 2200 3143; x_wconf 82' lang='lat'><em>5.‚</em></span> <span class='ocrx_word' id='word_1_854' title='bbox 2245 3096 2285 3133; x_wconf 78' lang='lat' dir='ltr'><em>S.</em></span> <span class='ocrx_word' id='word_1_855' title='bbox 2318 3096 2419 3132; x_wconf 71' lang='lat' dir='ltr'><em>Basi-</em></span> 
     </span>
     <span class='ocr_line' id='line_1_118' title="bbox 1304 3148 2416 3199; baseline -0.005 -9"><span class='ocrx_word' id='word_1_856' title='bbox 1304 3153 1378 3191; x_wconf 71' lang='lat' dir='ltr'><em>lius</em></span> <span class='ocrx_word' id='word_1_857' title='bbox 1409 3154 1522 3192; x_wconf 83' lang='lat' dir='ltr'><em>Hom.</em></span> <span class='ocrx_word' id='word_1_858' title='bbox 1553 3152 1579 3190; x_wconf 91' lang='lat' dir='ltr'><em>l.</em></span> <span class='ocrx_word' id='word_1_859' title='bbox 1610 3157 1650 3190; x_wconf 87' lang='lat' dir='ltr'><em>in</em></span> <span class='ocrx_word' id='word_1_860' title='bbox 1685 3151 1904 3199; x_wconf 65' lang='lat' dir='ltr'><em>Genecim‚</em></span> <span class='ocrx_word' id='word_1_861' title='bbox 1949 3153 1986 3188; x_wconf 51' lang='grc' dir='ltr'><em>ἲ.</em></span> <span class='ocrx_word' id='word_1_862' title='bbox 2024 3151 2242 3188; x_wconf 53' lang='lat' dir='ltr'><em>Ambrosius</em></span> <span class='ocrx_word' id='word_1_863' title='bbox 2274 3149 2357 3185; x_wconf 69' lang='lat' dir='ltr'><em>tib.</em></span> <span class='ocrx_word' id='word_1_864' title='bbox 2389 3148 2416 3184; x_wconf 90' lang='lat' dir='ltr'><em>l.</em></span> 
     </span>
     <span class='ocr_line' id='line_1_119' title="bbox 1304 3202 2414 3256; baseline -0.007 -11"><span class='ocrx_word' id='word_1_865' title='bbox 1304 3206 1597 3246; x_wconf 65' lang='lat' dir='ltr'><em>Hexaemeron</em></span> <span class='ocrx_word' id='word_1_866' title='bbox 1618 3236 1628 3254; x_wconf 78' lang='lat'><em>,</em></span> <span class='ocrx_word' id='word_1_867' title='bbox 1659 3206 1699 3244; x_wconf 84' lang='lat' dir='ltr'><em>S.</em></span> <span class='ocrx_word' id='word_1_868' title='bbox 1722 3206 1879 3256; x_wconf 67' lang='lat' dir='ltr'><em>August.</em></span> <span class='ocrx_word' id='word_1_869' title='bbox 1906 3205 1917 3240; x_wconf 79' lang='lat' dir='ltr'><em>l</em></span> <span class='ocrx_word' id='word_1_870' title='bbox 1939 3205 1990 3242; x_wconf 83' lang='lat' dir='ltr'><em>ib.</em></span> <span class='ocrx_word' id='word_1_871' title='bbox 2010 3204 2075 3242; x_wconf 72' lang='lat' dir='ltr'><em>XI.</em></span> <span class='ocrx_word' id='word_1_872' title='bbox 2111 3202 2414 3253; x_wconf 59' lang='lat' dir='ltr'><em>Confessionwn</em></span> 
     </span>
     <span class='ocr_line' id='line_1_120' title="bbox 1305 3255 2414 3313; baseline -0.01 -14"><span class='ocrx_word' id='word_1_873' title='bbox 1305 3276 1390 3313; x_wconf 84' lang='lat' dir='ltr'><em>cap.</em></span> <span class='ocrx_word' id='word_1_874' title='bbox 1420 3274 1458 3312; x_wconf 79' lang='lat'><em>9·</em></span> <span class='ocrx_word' id='word_1_875' title='bbox 1489 3260 1523 3300; x_wconf 73' lang='grc' dir='ltr'><em>δε,</em></span> <span class='ocrx_word' id='word_1_876' title='bbox 1560 3273 1647 3305; x_wconf 85' lang='lat'><em>10.,</em></span> <span class='ocrx_word' id='word_1_877' title='bbox 1693 3258 1725 3294; x_wconf 68' lang='grc' dir='ltr'>ἃ</span> <span class='ocrx_word' id='word_1_878' title='bbox 1755 3258 1847 3296; x_wconf 88' lang='lat' dir='ltr'><em>alibi</em></span> <span class='ocrx_word' id='word_1_879' title='bbox 1880 3272 2007 3310; x_wconf 66' lang='lat' dir='ltr'><em>saepe,</em></span> <span class='ocrx_word' id='word_1_880' title='bbox 2047 3258 2087 3294; x_wconf 78' lang='lat' dir='ltr'><em>S.</em></span> <span class='ocrx_word' id='word_1_881' title='bbox 2121 3257 2272 3293; x_wconf 74' lang='lat' dir='ltr'><em>Hieron.</em></span> <span class='ocrx_word' id='word_1_882' title='bbox 2305 3255 2414 3290; x_wconf 69' lang='lat' dir='ltr'><em>initio</em></span> 
     </span>
     <span class='ocr_line' id='line_1_121' title="bbox 1307 3306 2412 3353; baseline -0.006 -2"><span class='ocrx_word' id='word_1_883' title='bbox 1307 3314 1584 3351; x_wconf 58' lang='lat' dir='ltr'><em>Traz‘lctionum</em></span> <span class='ocrx_word' id='word_1_884' title='bbox 1629 3311 1924 3349; x_wconf 74' lang='lat' dir='ltr'><em>Hebraicarrim</em></span> <span class='ocrx_word' id='word_1_885' title='bbox 1967 3317 2004 3348; x_wconf 80' lang='lat' dir='ltr'><em>in</em></span> <span class='ocrx_word' id='word_1_886' title='bbox 2041 3311 2259 3353; x_wconf 43' lang='lat' dir='ltr'><em>Genesim,</em></span> <span class='ocrx_word' id='word_1_887' title='bbox 2310 3306 2340 3340; x_wconf 60' lang='grc' dir='ltr'><em>Β(</em></span> <span class='ocrx_word' id='word_1_888' title='bbox 2371 3307 2412 3344; x_wconf 74' lang='lat' dir='ltr'><strong>S</strong></span> 
     </span>
    </p>
   </div>
   <div class='ocr_carea' id='block_1_5' title="bbox 1304 3359 2413 3452">
    <p class='ocr_par' dir='ltr' id='par_1_15' title="bbox 1304 3359 2413 3452">
     <span class='ocr_line' id='line_1_122' title="bbox 1304 3359 2413 3419; baseline -0.008 -11"><span class='ocrx_word' id='word_1_889' title='bbox 1304 3367 1473 3408; x_wconf 81' lang='lat' dir='ltr'><em>Thomas</em></span> <span class='ocrx_word' id='word_1_890' title='bbox 1501 3367 1529 3406; x_wconf 90' lang='lat' dir='ltr'><em>l.</em></span> <span class='ocrx_word' id='word_1_891' title='bbox 1558 3366 1600 3405; x_wconf 88' lang='lat' dir='ltr'><em>P.</em></span> <span class='ocrx_word' id='word_1_892' title='bbox 1629 3380 1696 3419; x_wconf 82' lang='lat' dir='ltr'><em>qn.</em></span> <span class='ocrx_word' id='word_1_893' title='bbox 1717 3365 1784 3412; x_wconf 73' lang='lat'><em>46.</em></span> <span class='ocrx_word' id='word_1_894' title='bbox 1814 3375 1884 3406; x_wconf 85' lang='lat' dir='ltr'><em>art.</em></span> <span class='ocrx_word' id='word_1_895' title='bbox 1908 3367 1943 3405; x_wconf 82' lang='lat'><em>5.</em></span> <span class='ocrx_word' id='word_1_896' title='bbox 1977 3368 2030 3404; x_wconf 71' lang='lat' dir='ltr'><em>Ac</em></span> <span class='ocrx_word' id='word_1_897' title='bbox 2060 3364 2237 3409; x_wconf 77' lang='lat' dir='ltr'><em>demum,</em></span> <span class='ocrx_word' id='word_1_898' title='bbox 2270 3370 2307 3398; x_wconf 87' lang='lat' dir='ltr'><em>ut</em></span> <span class='ocrx_word' id='word_1_899' title='bbox 2328 3359 2413 3413; x_wconf 49' lang='lat' dir='ltr'><em>plue</em></span> 
     </span>
     <span class='ocr_line' id='line_1_123' title="bbox 2320 3427 2365 3452; baseline -0.044 0"><span class='ocrx_word' id='word_1_900' title='bbox 2320 3427 2365 3452; x_wconf 74' lang='lat' dir='ltr'><em>ra</em></span> 
     </span>
    </p>
   </div>
   <div class='ocr_carea' id='block_1_6' title="bbox 1304 1318 1334 1711">
    <p class='ocr_par' dir='ltr' id='par_1_16' title="bbox 1304 1318 1334 1711">
     <span class='ocr_line' id='line_1_124' title="bbox 1306 1318 1332 1337; baseline -0.038 0"><span class='ocrx_word' id='word_1_901' title='bbox 1306 1318 1332 1337; x_wconf 72' lang='lat'><em>22</em></span> 
     </span>
     <span class='ocr_line' id='line_1_125' title="bbox 1305 1371 1331 1390; baseline 0 0"><span class='ocrx_word' id='word_1_902' title='bbox 1305 1371 1331 1390; x_wconf 71' lang='lat'><em>&gt;2</em></span> 
     </span>
     <span class='ocr_line' id='line_1_126' title="bbox 1304 1425 1330 1444; baseline 0 0"><span class='ocrx_word' id='word_1_903' title='bbox 1304 1425 1330 1444; x_wconf 71' lang='lat'><em>92</em></span> 
     </span>
     <span class='ocr_line' id='line_1_127' title="bbox 1304 1478 1330 1497; baseline 0 0"><span class='ocrx_word' id='word_1_904' title='bbox 1304 1478 1330 1497; x_wconf 67' lang='lat'><em>’5</em></span> 
     </span>
     <span class='ocr_line' id='line_1_128' title="bbox 1306 1532 1330 1551; baseline 0 0"><span class='ocrx_word' id='word_1_905' title='bbox 1306 1532 1330 1551; x_wconf 71' lang='lat'><em>25</em></span> 
     </span>
     <span class='ocr_line' id='line_1_129' title="bbox 1306 1585 1333 1605; baseline 0.037 -1"><span class='ocrx_word' id='word_1_906' title='bbox 1306 1585 1333 1605; x_wconf 75' lang='lat'><em>9&gt;</em></span> 
     </span>
     <span class='ocr_line' id='line_1_130' title="bbox 1307 1639 1334 1658; baseline 0 0"><span class='ocrx_word' id='word_1_907' title='bbox 1307 1639 1334 1658; x_wconf 71' lang='lat'><em>&gt;9</em></span> 
     </span>
     <span class='ocr_line' id='line_1_131' title="bbox 1307 1692 1333 1711; baseline 0 0"><span class='ocrx_word' id='word_1_908' title='bbox 1307 1692 1333 1711; x_wconf 73' lang='lat'><em>22</em></span> 
     </span>
    </p>
   </div>
  </div>
 </body>
</html>
