2577 3633
790 98 918 148 ΑΡΡ.
952 100 1032 146 DE
1066 99 1297 146 VERSIC.
1332 106 1432 147 Tres
1462 113 1559 149 sunt
1589 104 1671 150 Εᾶε.

78 176 206 221 Sanct.
236 179 462 220 Trinitatem
489 179 607 220 refert
633 181 843 220 secuudum
872 191 1064 235 receptam
1093 183 1191 220 inter

79 235 191 273 Afros
219 234 389 286 ejusdem
418 233 709 286 intelligentiam
728 261 737 273 .
768 236 869 274 Nam
898 237 1023 288 primo
1052 236 1190 273 simili-

79 296 134 325 ter
163 290 252 326 fecit
278 288 394 325 etiam
415 287 545 326 Sanct.
568 288 724 340 August.
744 290 835 328 Lib.
855 287 905 328 Il.
933 298 1074 327 contra
1090 286 1190 325 Mu.-

80 345 281 379 :riminum
310 354 346 379 c.
369 340 434 379 25.
463 341 532 380 ubi
562 345 814 395 praetermisso
854 344 992 382 versic.
1028 344 1190 394 septimo

79 393 204 432 solum
231 402 408 434 octavum
439 396 555 443 citat,
598 395 632 432 &
659 395 864 447 allegorice
904 395 1017 434 trahit
1053 395 1101 433 ad
1129 396 1187 432 di-

79 447 210 485 vinam
238 446 469 486 Trinitatem
505 448 824 500 significandam.
865 448 1040 490 Secundo
1060 475 1071 497 ,
1115 446 1189 486 Fa-

77 500 223 537 cundus
253 501 535 540 Hermianensis
578 504 720 554 pariter
751 502 843 540 Afer
885 504 922 540 in
953 501 1040 540 Lib.
1062 503 1092 540 Ι.
1121 513 1191 551 pro

80 552 314 606 defensione
355 558 479 599 trium
509 554 779 606 Capitulorum
808 570 843 594 c.
877 556 916 601 4.
945 555 1103 608 loquens
1144 556 1190 593 de

79 616 214 646 octavo
242 608 378 646 versic.
396 638 406 657 ,
450 609 488 646 in
517 623 594 661 quo
623 611 784 661 mystice
825 617 992 646 sanctam
1023 608 1190 647 Trinita-

75 669 154 699 tem
175 660 429 712 significatam
451 671 584 714 putat,
611 662 724 713 Quod
744 671 883 700 tamen
905 666 1192 710 testimonium,

78 715 232 766 inquit,
277 713 324 753 B.
358 713 585 767 Cyprianus
632 721 674 754 z'n
715 716 908 767 epistola,
950 729 1019 754 seu
1066 715 1191 763 libro,

77 780 197 819 quem
226 766 275 804 de
307 766 501 808 Trinitate
543 771 697 819 scripsit
718 799 729 818 ,
772 768 821 807 cie
851 769 973 806 Patre
991 794 1005 816 ,
1051 769 1100 809 (9¹
1129 767 1194 806 Fa·-

79 822 131 859 Iio
151 850 163 869 ,
190 821 241 862 ὅ)
270 820 417 873 Spiritu
444 832 585 861 sancto
613 821 763 861 dictum
792 822 1002 874 intelligit:
1031 835 1104 859 non
1132 835 1191 859 er—

80 887 128 926 go
155 887 202 911 ex
231 875 271 913 S.
301 876 499 928 Cypri-ano
527 874 598 914 διο.
853 922 856 924 ¹

140 928 227 974 145.
258 927 371 981 Resp.
400 928 509 967 nullo
536 927 651 967 modo
678 926 888 967 verisimile
916 938 994 965 esse
1014 957 1025 976 ,
1063 926 1192 966 Sanct.

76 981 321 1033 Cyprianum
351 983 553 1034 mysticam
569 981 678 1019 illam
695 981 1038 1032 interpretationem
1056 976 1193 1018 afferre

78 1034 243 1073 voluisse
271 1037 353 1072 siue
380 1034 462 1072 ulla
488 1034 636 1085 praevia
665 1033 917 1084 explicatione
934 1063 945 1082 ,
975 1033 1009 1069 8<
1036 1031 1192 1072 ‘absolu-

79 1096 115 1126 te
144 1088 415 1140 pronunciare:
462 1085 510 1124 de
538 1086 688 1133 Patre,
730 1086 780 1127 ὠ*
808 1081 905 1124 leto
926 1116 937 1134 ,
966 1088 1016 1128 (9²
1046 1086 1192 1138 Spiritu

75 1149 220 1178 sancto
247 1145 436 1190 scriptum
452 1148 510 1178 est
528 1153 542 1184 ;
571 1140 620 1181 (9¹
642 1139 679 1177 Izi
707 1147 789 1178 tres
809 1151 933 1177 unum
952 1150 1065 1178 sunt.
1094 1140 1192 1189 Qui-

76 1193 149 1231 bus
179 1191 306 1231 verbis
333 1194 553 1231 sententiam
582 1192 809 1242 litteralem,
837 1193 872 1230 &
890 1194 1046 1232 obviam
1068 1225 1079 1242 ,
1109 1194 1193 1233 nul-

77 1245 190 1298 loque
210 1245 432 1297 glossemate
459 1247 688 1298 indigentem
723 1248 929 1299 supponit,
959 1247 1085 1299 qualis
1113 1261 1194 1286 ccr-

77 1308 113 1336 te
142 1308 289 1337 nonest
318 1301 481 1352 mystica
503 1328 514 1348 ,
545 1300 578 1336 ἃ
607 1300 814 1352 allegorica
842 1299 1046 1353 explicatio
1076 1301 1194 1340 versi-

74 1350 156 1390 culi
186 1354 309 1390 octavi
338 1353 385 1390 de
415 1352 602 1391 Trinitate
628 1353 790 1392 divina·

138 1404 225 1451 144.
256 1404 368 1453 Quod
416 1414 543 1444 autem
586 1404 802 1445 Richardus
843 1404 1036 1445 Simonius
1078 1421 1123 1445 ex
1152 1404 1193 1446 S.

80 1458 297 1510 Augustino
325 1458 455 1506 addit,
494 1460 774 1511 responsionem
821 1468 987 1499 nostram
1026 1461 1193 1498 mirifice

77 1510 309 1549 confirmat.
357 1511 462 1559 Quia
489 1513 594 1550 enim
623 1513 750 1551 Sanct.
780 1512 921 1551 Doctor
950 1526 1086 1552 novam
1105 1543 1115 1561 ‚
1159 1513 1193 1550 ἃ

75 1563 280 1615 mysticam
323 1566 668 1617 interpretationem
706 1566 913 1614 afferebat,
957 1580 1042 1604 eam
1072 1566 1192 1619 pluri·

76 1617 149 1655 bus
179 1617 304 1655 verbis
333 1619 526 1670 explicat,
557 1628 597 1656 ut
618 1618 863 1670 probabilem
883 1619 1087 1657 lectoribus
1109 1621 1193 1658 red-

76 1672 171 1718 dat,
200 1671 378 1709 eamdem
416 1672 492 1710 sibi
521 1674 730 1725 inquirenti
758 1673 967 1711 occurrisse
995 1674 1118 1720 dicit,
1148 1687 1192 1712 ac

76 1724 234 1761 demum
263 1722 484 1773 concludit,
513 1738 801 1777 quamcumque
831 1724 947 1761 aliam
979 1724 1096 1774 hujus
1116 1725 1192 1762 loci

78 1777 423 1828 interpretationem
452 1776 704 1829 respuendam
735 1790 806 1813 nou
837 1789 942 1824 esse,
984 1775 1192 1813 dummodo

76 1842 148 1867 nec
177 1828 409 1877 confundat,
438 1840 509 1867 nec
538 1838 684 1882 separet
714 1829 941 1866 Trinitatem
959 1855 969 1867 .
1000 1828 1107 1866 'Nihil
1137 1837 1192 1867 ta-

75 1882 113 1920 le
142 1883 316 1934 praestitit
345 1882 474 1921 Sanct.
503 1882 747 1936 Cyprianus,
791 1895 867 1920 non
895 1881 972 1920 alia
1015 1890 1117 1920 certe
1145 1883 1192 1920 de

75 1949 216 1984 causa,
254 1936 326 1973 nisi
357 1937 448 1989 quia
476 1935 679 1975 litteralem
708 1934 888 1974 versiculi
930 1937 1080 1988 septimi
1111 1950 1192 1974 sen-

74 1990 228 2027 tentiam
257 1990 467 2037 recitabat,
503 2002 579 2028 non
609 1991 815 2043 mysticam
843 1988 1025 2029 afferebat
1054 1991 1191 2029 versic.

75 2043 200 2081 octavi
229 2043 577 2095 interpretationem
595 2069 606 2082 .

136 2096 223 2142 145.
254 2097 340 2135 lust.
370 2097 501 2144 Quare
529 2097 570 2135 S.
601 2094 835 2150 Augustinus
872 2095 1076 2150 mysticam
1106 2107 1192 2134 ver-

74 2149 188 2188 siculi
214 2151 338 2187 octavi
375 2150 720 2203 interpretationem
765 2158 898 2189 contra
927 2150 1189 2188 Maximinum

76 2203 268 2240 Arianum
296 2201 448 2250 attulit,
477 2203 680 2241 litteralem
708 2216 800 2243 vero
826 2203 1009 2242 versiculi
1038 2203 1190 2254 septimi

78 2256 300 2293 sententiam
329 2253 491 2293 omisit?

139 2306 224 2353 146.
257 2306 368 2359 Resp.
390 2305 634 2347 Versiculum
649 2307 853 2362 septimum
870 2306 916 2347 ad
933 2321 1014 2346 rem
1032 2338 1043 2356 ,
1072 2319 1190 2360 quam

81 2359 124 2400 S.
155 2363 311 2413 August.
341 2370 430 2398 tunc
458 2363 613 2413 agebat,
643 2364 805 2401 minime
834 2363 1078 2414 pertinuisse.
1121 2362 1191 2400 Ni·

76 2415 222 2452 mirum
251 2423 379 2453 contra
402 2413 562 2453 Arianos
581 2416 775 2466 disputans
795 2414 978 2468 principii
999 2415 1081 2453 loco
1101 2429 1192 2453 con-

76 2469 273 2515 stituerat,
303 2465 444 2505 nullibi
473 2469 513 2505 in
543 2469 660 2506 sacris
687 2468 821 2506 litteris
849 2469 895 2506 de
925 2469 1081 2507 diversis
1101 2469 1191 2507 sub—

77 2522 221 2559 stantiis
249 2521 394 2558 dictum
426 2523 610 2573 reperiri:
638 2535 761 2558 unum
790 2530 907 2566 sunc;
950 2523 1048 2559 unde
1077 2522 1189 2560 colli-

76 2574 215 2624 gebat,
246 2588 290 2612 ea
318 2573 459 2612 Christi
488 2575 605 2613 verba
631 2574 768 2613 Joann.
789 2572 842 2613 X.
873 2575 961 2627 59.:
1010 2589 1109 2627 egO,
1138 2575 1188 2616 (9²

76 2626 200 2665 Pater
228 2640 351 2664 unum
380 2641 516 2664 sumus
545 2630 728 2666 unitatem
747 2630 916 2666 essentiae
946 2629 1186 2680 significare.

77 2680 306 2732 Opponebat
335 2690 460 2718 autem
491 2680 729 2720 Maximinus
759 2683 923 2720 Arianos
959 2695 1058 2720 vers.
1087 2692 1188 2720 octa-

75 2746 170 2771 vum
199 2734 241 2773 S.
270 2735 405 2782 Joan.,
436 2734 504 2772 ubi
533 2735 580 2773 de
608 2736 769 2786 spiritu,
798 2736 1008 2787 sanguine,
1038 2735 1188 2788 &aqua

73 2786 238 2826 dicitur:
281 2801 403 2825 unum
432 2797 551 2826 sunt.
594 2788 646 2826 Ut
674 2790 788 2840 igitur
817 2790 1048 2841 Augustinus
1087 2788 1188 2828 hanc

76 2839 235 2880 solveret
263 2841 552 2890 difficultatem,
583 2842 620 2880 in
640 2843 812 2880 medium
834 2842 956 2881 attulit
986 2844 1187 2895 mysticam

85 2890 280 2932 Trinitatis
307 2895 451 2934 divinae
481 2895 803 2948 significationem
825 2921 836 2934 .

139 2946 226 2996 147.
253 2948 430 2988 Ceterum
467 2964 514 2987 an
542 2948 582 2988 S.
604 2949 840 3000 Augustinus
868 2949 1099 2988 versiculum
1130 2963 1186 2987 se-

80 2997 246 3052 ptimum
275 3002 524 3051 ignoraverit,
567 3017 614 3041 an
644 3016 734 3042 vero
763 3002 958 3055 aliquibus
986 3004 1032 3041 de
1061 3005 1186 3042 causis

82 3062 166 3099 ejus
196 3055 417 3092 mentionem
447 3057 570 3094 facere
609 3057 921 3107 praetermiserit,
963 3066 1064 3095 certo
1091 3056 1186 3094 defi-

82 3103 166 3140 nire
197 3101 337 3142 nolim.
379 3105 452 3145 Sed
486 3111 633 3148 etiamsi
662 3109 702 3147 S.
733 3108 840 3146 Pater
869 3111 906 3148 iu
933 3112 1010 3148 suis
1046 3109 1189 3148 codici-

82 3155 154 3192 bus
183 3154 378 3194 laudatum
407 3171 555 3200 comma
585 3176 659 3201 non
680 3162 882 3211 habuerit,
913 3164 1001 3201 inde
1030 3177 1104 3201 non
1133 3163 1188 3199 ef-

81 3207 211 3246 ficitur
227 3237 237 3254 ,
269 3208 365 3247 illud
380 3224 459 3248 esse
486 3215 764 3267 supposititium
783 3244 794 3264 ,
824 3227 886 3254 aut
907 3217 1021 3255 fuisse
1036 3216 1122 3255 aliis
1139 3215 1188 3252 A·-

80 3261 190 3299 fricae
221 3260 453 3301 Praestilibus
482 3266 677 3316 ignotum.

141 3315 230 3361 148.
259 3316 317 3354 Ad
346 3314 507 3355 alteram
535 3320 800 3362 difficultatem
829 3334 927 3376 resp.
958 3322 1187 3362 Facundum

2256 120 2313 161 23

1259 178 1457 236 deceptum
1488 182 1602 223 fuisse
1638 180 1733 222 vitio
1761 185 1819 223 sui
1860 187 2029 238 codicis,
2067 189 2107 229 in
2138 202 2214 245 quo
2256 198 2363 248 septi-

1258 249 1367 274 mum
1383 238 1616 276 versiculum
1633 237 1886 276 desideratum
1903 242 2016 280 fuisse
2037 245 2211 293 videtum
2233 262 2367 300 quam-

1256 288 1391 327 obrem
1419 294 1673 330 testimonium
1708 291 1749 329 S.
1770 291 1957 344 Cypriani
1992 297 2038 334 ad
2069 300 2303 340 versiculum
2326 315 2366 340 0-

1255 351 1410 381 ·ctavum
1441 345 1595 383 retulit.
1638 345 1722 383 Non
1751 353 1878 383 tamen
1919 351 2050 399 magni
2091 353 2295 393 faciendus
2315 364 2369 394 est

1255 395 1297 432 in
1329 396 1440 435 rebus
1464 398 1703 448 Facundus,
1732 399 1835 451 quod
1864 412 1931 437 nec
1959 402 2157 444 Cimonius
2185 408 2265 459 ipse
2294 409 2370 447 dif-

1258 447 1386 486 fitetur
1416 453 1430 500 (
1462 451 1563 488 Diss.
1592 449 1658 489 De
1694 455 1977 502 manuscrzptis
2006 453 2061 492 N.
2095 455 2138 494 T.
2168 473 2206 510 p.
2228 459 2295 499 85.
2326 462 2370 511 );

1258 502 1457 553 praecipue
1486 517 1574 542 cum
1604 504 1734 558 lapsus
1761 506 1807 543 sit
1836 507 1950 544 etiam
1977 507 2020 545 in
2048 507 2240 549 laudando
2269 514 2370 553 libro

1259 554 1299 591 S.
1328 554 1549 606 Cypriani,
1596 559 1659 595 cui
1688 557 1842 596 titulum
1891 559 2039 612 affingit
2069 560 2116 599 cle
2150 562 2370 610 Trinitate:

1257 621 1348 644 cum
1378 610 1581 660 inscriptus
1611 613 1656 649 sit
1685 612 1732 649 (le
1769 616 1921 651 unitate
1948 613 2171 654 Ecclesiae.
2219 611 2372 658 Facunss

1259 659 1308 698 do
1335 659 1447 712 longe
1475 666 1754 714 anteponendus
1790 675 1843 704 est
1871 666 1913 705 S.
1943 667 2191 719 Fulgentius,
2235 674 2302 724 qui
2331 682 2372 712 ut

1261 712 1457 762 vidimus,
1488 715 1528 752 S.
1555 717 1741 768 Cypriani
1771 718 1899 758 locum
1930 721 2095 760 mirifice
2124 717 2318 764 illustrat.

1320 766 1409 819 149.
1441 767 1517 805 Ob.
1547 771 1713 807 secundo
1741 781 1868 811 contra
1896 774 2046 826 probat.
2077 789 2122 813 ex
2140 779 2373 827 professione

1261 819 1353 858 fidei
1382 820 1656 860 Africanorum
1679 823 1897 863 Antistitum
1917 854 1926 865 .
1957 827 2086 868 Verba
2116 829 2184 869 illa
2210 845 2259 869 ex
2287 846 2371 872 ver-

1257 870 1379 910 siculo
1405 876 1566 926 septimo
1593 874 1818 930 deprompta
1845 880 2058 920 adulterina
2099 897 2219 923 manu
2247 895 2374 926 assuta

1260 926 1462 965 videntur:
1492 930 1701 967 commode
1721 934 1829 968 enim
1845 960 1855 979 ,
1886 934 2009 986 inquit
2024 935 2192 975 Crellius
2209 968 2219 986 ‚
2241 938 2292 976 ab
2307 953 2372 978 eo-

1262 978 1353 1017 dem
1386 980 1657 1033 Corzjessz'oru's
1686 983 1770 1021 loco
1803 982 1941 1024 abesse
1968 999 2149 1038 possunt,
2180 1001 2372 1032 contextu

1260 1033 1369 1071 salvo
1385 1048 1401 1079 ‚·
1429 1036 1478 1075 <9¹
1497 1039 1531 1073 sz'
1550 1040 1672 1073 series
1691 1045 2053 1089 argumentationis
2074 1055 2266 1085 accurate
2283 1059 2372 1097 per-

1258 1086 1486 1144 pendatur,
1516 1100 1597 1127 non
1626 1099 1720 1141 apto
1749 1092 1834 1129 loco
1863 1093 2102 1144 afizlsariz's
2130 1097 2246 1151 hujus
2267 1100 2371 1139 Con-

1249 1142 1447 1193 fessionis
1475 1146 1630 1181 intrusa
1660 1143 1859 1182 ridentur:
1889 1157 1977 1198 ergo
2006 1146 2075 1186 &c-

1322 1192 1410 1233 150.
1442 1195 1554 1248 Hesp.
1583 1197 1625 1236 Si
1655 1197 1772 1236 semel
1808 1200 2036 1253 suscipiatur
2065 1201 2150 1241 haec
2184 1205 2373 1259 intexnp20

1261 1249 1379 1286 rantis
1408 1249 1594 1302 falsaeque
1623 1253 1773 1289 critices
1802 1251 1957 1304 regula,
2004 1264 2120 1306 quot,
2170 1255 2203 1292 &
2231 1268 2373 1311 quanta.

1261 1311 1436 1358 poterunt
1465 1303 1722 1355 ‹ab-operibus
1750 1304 1878 1344 Sanct.
1908 1306 2064 1346 Patrum
2094 1317 2133 1347 ut
2169 1314 2375 1364 suppositi·

1260 1355 1313 1392 tia
1343 1354 1490 1406 rejici?
1519 1357 1716 1395 Nimirum
1743 1359 2060 1413 quotiescumque
2077 1392 2087 1410 ,
2117 1372 2158 1400 ut
2186 1377 2288 1417 saepre
2315 1379 2375 1404 so-

1262 1406 1363 1455 lent,
1394 1406 1578 1461 pleraque
1607 1410 1769 1448 afferunt
1797 1411 1846 1450 ad
1872 1411 2022 1465 aliquid
2043 1417 2374 1467 comprobandum

1262 1459 1391 1498 Sacrae
1411 1461 1624 1512 Scripturae
1654 1464 1891 1513 testimonia,
1922 1469 2059 1516 poterit
2079 1470 2242 1521 quisque
2269 1470 2373 1522 judi·

1261 1514 1346 1561 cio,
1377 1512 1411 1550 8(
1435 1514 1618 1553 arbitratu
1647 1528 1714 1553 suo
1742 1517 2013 1571 quodcumque
2042 1521 2199 1560 libuerit
2223 1536 2374 1576 ‘expun-

1260 1580 1347 1617 gere
1369 1598 1379 1614 ,
1423 1569 1514 1619 quia
1543 1569 1742 1621 quodlibet
1770 1569 1899 1619 abesse
1929 1581 2068 1623 potest,
2110 1573 2217 1613 salvo
2246 1587 2371 1615 coute-

1259 1631 1323 1656 xtu
1342 1646 1353 1658 .
1386 1620 1631 1660 Falsissimus
1659 1631 1711 1660 est
1739 1632 1865 1662 autem
1895 1625 2061 1665 Crellius
2082 1657 2092 1676 ,
2122 1639 2212 1667 cum
2241 1631 2370 1679 addit,

1261 1686 1333 1710 non
1363 1683 1451 1723 apto
1480 1676 1518 1711 in
1547 1674 1632 1712 loc'o
1660 1689 1705 1713 ea
1733 1677 1850 1714 verba
1880 1680 1998 1729 posita
2026 1695 2129 1727 esse3
2160 1684 2280 1721 immo
2308 1698 2373 1722 ve·

1261 1737 1302 1760 ro
1331 1727 1552 1775 aptissimo:
1581 1728 1674 1778 quid
1695 1728 1796 1764 enim
1826 1731 1874 1766 ad
1902 1733 2255 1783 comprobandum,
2284 1736 2374 1789 Spi-

1259 1777 1375 1813 ritum
1405 1777 1446 1814 S.
1476 1791 1553 1815 esse
1581 1778 1668 1817 aliis
1695 1779 1846 1818 duabus
1875 1780 2043 1820 Personis
2079 1788 2372 1827 consubstantiati

1258 1828 1336 1866 lem
1367 1831 1486 1880 magis
1514 1839 1667 1883 aptum,
1709 1846 1828 1883 quam
1871 1833 2046 1874 laudatus
2093 1840 2302 1878 versiculus
2331 1842 2372 1880 S.

1259 1880 1370 1920 Joan.
1405 1882 1501 1920 Tres
1530 1895 1644 1932 sunt,
1675 1890 1739 1937 qui
1767 1890 2039 1927 testiinonium
2068 1889 2168 1928 (lant
2197 1892 2304 1932 Sem?

1320 1936 1408 1974 151.
1439 1937 1531 1988 Obj.
1562 1941 1670 1976 tertio
1697 1939 1863 1978 Crellius
1892 1951 2018 1981 contra
2048 1943 2089 1982 S.
2112 1945 2372 1992 Fulgentiitee

1260 1990 1507 2028 stimonium.
1538 1990 1595 2031 Ea
1625 1991 1742 2032 verba
1772 1994 1821 2032 ab
1851 1994 1984 2048 aliquo
2014 1989 2280 2050 interpolatore
2311 2003 2367 2040 in-

1258 2051 1361 2081 trusa
1391 2058 1467 2081 esse
1498 2054 1595 2096 patet
1623 2059 1668 2083 ex
1697 2058 1767 2094 eo,
1797 2049 1899 2099 quod
1928 2050 2030 2087 idem
2051 2050 2179 2090 Sanct.
2203 2053 2371 2096 Fulgen-

1258 2097 1332 2132 tius
1353 2096 1441 2134 Lib.
1462 2096 1496 2132 V
1502 2099 1516 2134 l
1522 2125 1529 2134 .
1552 2107 1695 2136 contra.
1710 2098 1935 2137 Fabianum
1957 2103 2156 2141 Arcanum
2176 2096 2370 2158 fragmen-

1259 2156 1295 2185 to
1326 2163 1388 2187 21.
1420 2147 1564 2202 iuquit:
1594 2149 1640 2189 B.
1662 2164 1750 2189 vero
1778 2149 1958 2193 Joannes
1979 2157 2185 2207 Apostolus
2213 2156 2368 2198 eviden-

1258 2210 1318 2238 ter
1348 2206 1433 2239 ait:
1463 2204 1513 2243 (a).
1541 2214 1620 2242 tres
1641 2218 1765 2243 unum
1793 2216 1912 2255 sicut,
1940 2208 2044 2259 quod
2072 2209 2121 2248 cle
2139 2210 2289 2260 Patre,
2318 2214 2370 2255 &⁴

1258 2253 1382 2304 Filio,
1412 2257 1460 2296 (θ’
1490 2256 1633 2307 Spiritu
1662 2267 1803 2296 sancto
1832 2258 2008 2309 dictum,
2038 2266 2137 2301 sicut
2164 2270 2369 2317 superius,

1257 2321 1350 2346 cum
1380 2313 1578 2348 rationem
1599 2309 1844 2364 flagitaret,
1873 2314 2146 2355 ostendimus.
2193 2318 2254 2356 Ex
2278 2322 2369 2373 ’qui-

1257 2361 1330 2399 bus
1359 2363 1484 2402 verbis
1512 2366 1565 2402 sic
1595 2366 1840 2404 ratiocinatur
1869 2366 2095 2407 Socinianus
2137 2381 2296 2410 acutus.
2325 2373 2369 2412 S.

1259 2414 1481 2468 Fulgentius
1510 2417 1581 2456 hoc
1610 2415 1695 2457 loco
1725 2420 1921 2458 manifeste
1957 2421 2094 2461 alludit
2123 2425 2171 2462 ad
2200 2427 2367 2466 versic-„12

1258 2468 1341 2506 lum
1370 2479 1548 2509 octavum
1566 2501 1576 2519 ,
1619 2473 1711 2524 quia
1741 2473 1771 2509 si
1801 2473 1846 2510 de
1874 2487 1985 2513 versu
2029 2478 2191 2529 septimo
2219 2478 2370 2519 locutus

1258 2522 1388 2560 fuisset
1409 2553 1419 2571 ,
1468 2537 1612 2562 necesse
1642 2525 1755 2577 plane
1785 2524 1949 2565 habebat
1978 2530 2161 2567 rationem
2193 2530 2368 2571 Fabiano

1257 2577 1439 2623 reddere,
1469 2578 1518 2614 ob
1548 2591 1664 2629 quam
1696 2577 1763 2616 illa
1793 2579 1932 2619 verba:
1961 2590 2041 2619 tres
2062 2596 2186 2621 unum
2206 2594 2296 2622 sunt
2316 2586 2364 2623 de

1256 2626 1363 2668 Patre
1380 2660 1390 2678 ,
1421 2630 1522 2668 Filio
1537 2661 1547 2677 ,
1579 2628 1612 2665 3<
1631 2630 1776 2682 Spiritu
1797 2644 1924 2671 sancto
1944 2635 2157 2683 dictasint3
2187 2647 2258 2676 nec
2279 2651 2365 2677 eam

1259 2682 1460 2734 flagitasset
1482 2681 1676 2721 Fabianus
1696 2714 1707 2732 ,
1736 2697 1827 2722 cum
1856 2684 2068 2727 litteraliter
2097 2690 2137 2728 in
2167 2703 2211 2727 eo
2230 2690 2367 2740 Pater,

1256 2735 1431 2774 Verbum
1449 2768 1458 2784 ,
1490 2736 1523 2771 8<
1552 2736 1716 2788 Spiritus
1745 2737 1904 2777 Sanctus
1930 2743 2198 2782 nominentur.
2228 2743 2270 2782 Si
2298 2758 2367 2783 au-

1254 2797 1330 2827 tem
1361 2800 1618 2841 supponatur,
1648 2789 1777 2829 Sauct.
1799 2792 2044 2844 Fulgentium
2073 2795 2253 2847 allegasse
2283 2808 2367 2835 ver-

1255 2840 1420 2880 siculum
1450 2852 1653 2890 octavum,
1682 2851 1774 2883 tunc
1803 2855 1901 2884 certe
1930 2856 2073 2899 poterat
2094 2849 2286 2887 Fabianus
2305 2863 2366 2889 ra-

1253 2897 1396 2934 tionem
1427 2894 1625 2946 flagitare,
1646 2909 1723 2948 ,cur
1751 2897 1797 2935 de
1826 2903 2059 2939 sanctissima
2081 2902 2267 2939 'l'rinitate
2281 2917 2366 2941 ver-

1254 2948 1397 2987 siculus
1427 2947 1492 2986 ille
1534 2947 1835 3001 intelligeretur,
1880 2964 2040 3004 eamque
2068 2953 2109 2992 S.
2138 2953 2366 3007 Fulgentius

1254 2999 1391 3040 afferre
1411 3001 1628 3040 tenebatur.
1658 3003 1769 3050 Quod
1790 3005 1821 3042 si
1842 3007 2068 3043 concedatur
2084 3036 2096 3054 ,
2125 3006 2252 3046 Sanct.
2269 3008 2366 3047 Fui-

1252 3056 1426 3106 gentium
1473 3068 1516 3091 eo
1544 3053 1626 3092 loco
1654 3054 1836 3106 allegasse
1882 3057 2116 3098 versiculum
2156 3068 2363 3110 octavum,

1254 3110 1425 3159 sequitur
1454 3109 1654 3146 manifeste
1683 3123 1770 3146 eum
1814 3111 2000 3161 ignorasse
2042 3113 2277 3152 versiculum
2307 3130 2361 3154 se·-

1255 3163 1448 3212 ptimutnx,
1478 3162 1544 3212 qui
1574 3170 1673 3198 certe
1703 3162 1762 3199 illi
1791 3164 1911 3214 magis
1939 3163 1988 3202 ad
2016 3174 2096 3203 rem
2126 3175 2205 3205 erat
2232 3178 2361 3206 ‘contra

1256 3213 1448 3259 Arianos3
1490 3226 1535 3251 ac
1564 3214 1719 3252 demum
1748 3217 1778 3253 si
1809 3215 2042 3256 versiculum
2083 3221 2287 3271 septimum
2317 3221 2358 3258 S.

1256 3266 1478 3317 Fulgentius
1507 3267 1717 3318 ignoravit,
1749 3270 1920 3320 sequitur
1948 3274 2184 3324 supposititia
2213 3287 2287 3310 esse
2316 3286 2356 3307 o-

1256 3321 1361 3359 mnia
1381 3333 1424 3357 ea
1445 3319 1527 3358 loca
1547 3348 1558 3367 ,
1590 3321 1627 3358 in
1648 3320 1790 3373 quibus
1804 3321 1974 3374 ejusdem
1996 3327 2220 3365 mentionem
2244 3324 2356 3374 facit.

2219 3389 2306 3417 1⁴32.
