2577 3633
305 193 391 234 128

234 267 273 306 Be
302 281 419 305 unum
449 279 493 304 ex
522 264 672 304 Nicaeni
691 264 855 305 Concilii
877 264 1074 310 Parthum
1102 279 1189 303 cum
1221 275 1344 304 tamen

238 331 342 358 extra
371 320 533 357 dubium
561 321 632 367 sit,
664 319 780 358 fuisse
800 334 886 357 euin
909 318 1193 372 Aquilejeiisein
1211 350 1221 368 ,
1251 320 1284 356 8t
1306 322 1344 359 in

240 375 349 411 cunis
378 374 522 423 vagisse
551 381 717 424 tempore
745 373 907 410 Concilii
938 373 1085 411 Nicaeni
1103 397 1113 408 .

293 427 357 464 28.
389 425 500 478 Resp.
518 456 529 474 ,
558 426 629 463 tria
658 428 786 477 priora
814 434 1034 475 argumenta
1055 439 1130 462 esse
1146 426 1344 477 negativa,

237 493 303 516 nec
333 478 530 517 silentium
559 492 690 516 eorum
708 510 718 527 ,
761 480 833 531 qu'r
857 479 992 515 Osiutn
1032 485 1071 514 ut
1100 478 1246 530 Synodi
1277 478 1345 515 Ni-

236 545 357 570 caeI-lae
386 533 590 584 praesidem
629 544 699 569 non
741 539 976 577 memorant,
1020 530 1183 569 aliorum
1229 531 1345 569 fidem

234 584 386 623 elevare
416 599 541 637 posse,
571 585 638 637 qni
668 585 802 621 Osiuin
831 584 984 636 Synodo
1012 583 1072 621 illi
1101 586 1252 622 nomine
1274 584 1346 621 Ro-

236 641 343 676 mani
374 638 561 676 Pontificis
593 637 789 688 praefuisse
827 645 1021 675 asserunt.
1053 637 1116 675 xEt
1145 652 1230 674 sane
1256 650 1347 689 ‘quo

237 690 348 730 titulo
377 691 442 729 ille
473 691 675 742 praesidere
697 688 868 741 poterat?
897 690 1011 737 Quod
1031 691 1133 727 enim
1149 689 1268 742 aliqui
1289 691 1347 727 cli-

239 754 356 792 cunt,
385 749 506 791 sorte,
543 743 603 782 vel
634 742 816 781 electione
846 743 885 780 id
914 743 1058 781 factum
1088 744 1224 790 fuisse,
1269 757 1348 780 me-

238 811 324 836 rum
355 805 610 834 commentum
641 805 720 844 est,
751 796 851 848 quod
880 795 988 834 nullo
1008 809 1158 849 prorsus
1190 796 1348 834 fulcitur

238 851 470 902 antiquitatis
499 859 745 887 monumento
761 875 772 887 .
803 849 913 896 Quod
933 859 1058 887 autern
1075 849 1265 901 Launojus
1285 849 1348 885 ad-

239 904 320 951 dit,
362 901 411 939 ob
442 904 664 940 meritorum
695 903 952 954 praestantiam
993 903 1106 940 fuisse
1134 903 1234 940 Osio‘
1253 901 1347 938 lianc

236 957 461 1007 dignitatem
491 955 695 1004 collatam,
727 970 823 1008 pura
843 956 1119 1003 estdivinatio,
1150 955 1182 991 8(
1213 968 1347 1007 parum

240 1012 355 1048 etiam
385 1008 606 1057 credibilis,
641 1023 729 1046 cum
760 1008 919 1061 plurimi
948 1008 1015 1046 alii
1043 1007 1215 1047 Concilio
1244 1008 1349 1045 ades·

241 1073 347 1110 sent,
387 1064 465 1099 sive
495 1061 690 1100 laboribus
733 1060 976 1110 exantlatis‚'
998 1065 1077 1100 sive
1122 1063 1234 1099 etiam
1263 1074 1350 1098 con-

241 1117 411 1154 fessionis
440 1115 564 1167 gloria*
588 1125 686 1153 certe
707 1116 795 1153 Osio
823 1129 895 1153 non
916 1116 1097 1162 secundi,
1127 1114 1234 1152 Sedis
1265 1125 1351 1150 vero

241 1170 422 1221 dignitate
454 1168 572 1206 multo
600 1170 835 1222 superiores.
867 1168 945 1206 Nec
976 1168 1087 1206 facile
1107 1168 1173 1205 alii
1195 1167 1350 1219 Episco-

240 1225 280 1275 pi
302 1223 510 1261 Orientales
532 1222 745 1273 Hispanum
775 1221 848 1259 sibi
879 1222 1053 1271 praeferri
1085 1222 1183 1271 passi
1213 1228 1351 1258 essent:

241 1276 276 1311 δί
303 1277 501 1328 praecipue
530 1275 716 1313 Eusebius
746 1274 1044 1312 Nicomediensis
1087 1274 1177 1313 hinc
1221 1288 1349 1310 ansam

242 1331 410 1380 arripere
440 1342 554 1365 novas
597 1329 725 1375 turbas
755 1327 943 1364 excitandi
986 1338 1057 1363 non
1088 1327 1354 1377 praetermisis·

240 1392 320 1427 set3
367 1383 413 1418 de
441 1382 581 1432 quibus
625 1389 750 1418 tamen
795 1378 915 1416 altum
946 1388 996 1416 est
1036 1379 1138 1430 apud
1168 1379 1350 1416 Auctores

247 1447 396 1474 coaevos
426 1434 616 1470 silentium
635 1459 645 1471 .

299 1500 362 1539 29.
392 1487 504 1534 Quod
534 1500 622 1525 vero
648 1487 762 1531 >Osius
791 1486 832 1524 in
873 1485 1151 1537 subscriptione
1189 1498 1261 1523 non
1290 1497 1354 1521 ex-

243 1541 388 1594 plicet,
418 1554 455 1577 se
486 1539 645 1585 Romani
674 1539 868 1578 Pontificis
895 1538 1080 1590 legatione
1110 1539 1243 1590 fungi,
1287 1547 1353 1589 pa*-

242 1609 330 1633 rum
362 1595 530 1631 interest:
560 1607 649 1631 nam
679 1595 758 1644 ipsa
781 1592 1008 1644 subscriptio
1030 1593 1154 1643 primo
1184 1592 1288 1639 loco,
1320 1590 1353 1626 8<

244 1658 328 1686 ante
357 1661 485 1685 omnes
514 1646 606 1684 alios
636 1647 734 1684 facta
762 1646 800 1683 id
829 1647 915 1683 satis
936 1646 1103 1683 indicat.
1133 1645 1266 1697 Neque
1286 1644 1354 1682 ob-

243 1711 295 1739 est
324 1700 542 1753 exemplum
559 1700 709 1738 Vitonis
725 1729 736 1747 ,
766 1699 799 1735 &
817 1698 1031 1744 Vincentii3
1063 1700 1119 1736 isti
1141 1699 1244 1736 enim
1265 1711 1354 1735 cum

244 1769 316 1793 non
347 1764 462 1792 essent
482 1753 684 1805 Episcopi,
714 1753 776 1790 sed
806 1760 951 1790 tantum
973 1750 1214 1803 Presbyteri,
1245 1751 1356 1788 ratio-

245 1823 333 1845 nem
372 1808 584 1859 exprimere
627 1806 838 1852 debebant,
887 1818 955 1842 cur
997 1804 1355 1854 inter'Episcopos,

245 1864 324 1900 'nno
353 1870 437 1897 ante
466 1860 560 1897 alios
588 1859 794 1909 Episcopos
813 1870 923 1894 suum
953 1869 1087 1894 nomen
1103 1865 1356 1907 apponerent.

303 1915 368 1952 5ο.
397 1912 570 1951 Libellus
598 1911 812 1962 Synodicus
841 1923 913 1946 non
943 1909 1073 1946 multae
1104 1917 1156 1945 est
1185 1909 1287 1959 apud
1316 1922 1354 1944 e-

246 1967 389 2005 ruditos
418 1965 671 2010 auctoritatis,
702 1977 768 2013 uec
799 1970 914 2015 potest
933 1961 1018 2000 aliis
1032 1962 1254 1999 certioribus
1275 1973 1355 1998 mo-

249 2021 440 2059 numentis
470 2021 549 2056 vim
579 2015 801 2055 detrahere.

304 2073 369 2110 51.
397 2070 524 2109 Julius
551 2069 701 2107 tandein
724 2068 883 2105 Roman.
907 2066 1075 2105 Pontifex
1105 2068 1229 2118 potius
1256 2067 1357 2104 testi-

250 2126 425 2165 monium
453 2125 615 2160 duorum
633 2120 947 2172 presbyterorum
969 2133 1047 2157 suae
1069 2119 1254 2158 Ecclesiae
1275 2119 1358 2157 lau-

249 2180 377 2225 davit,
407 2179 498 2228 quia
528 2184 631 2214 erant
661 2174 699 2211 in
730 2173 836 2211 Urbe
865 2181 1087 2226 praesentes:
1126 2173 1261 2210 Osium
1290 2172 1359 2224 qui

249 2233 359 2282 longe
389 2231 541 2278 aberat,
573 2229 858 2281 praetermittere
889 2228 1035 2278 potuit.

306 2286 370 2323 32.
401 2282 600 2321 l’ostremae
631 2281 854 2333 objectionis
884 2281 982 2332 parti
1003 2293 1105 2331 resp.
1124 2309 1134 2327 ,
1167 2279 1250 2317 falli
1270 2291 1331 2316 eos
1348 2307 1358 2326 ,

252 2339 319 2391 qui
348 2351 436 2375 cum
458 2336 704 2374 Tillemontio
733 2342 864 2386 putant
881 2363 891 2381 ,
922 2333 1120 2371 Gelasium
1141 2332 1361 2370 Cizicenum

251 2394 424 2445 primum
454 2405 557 2439 esse,
586 2392 653 2442 qui
683 2388 873 2440 prostasiae
894 2387 977 2425 Osii
1006 2387 1234 2424 mentionem
1264 2386 1363 2423 fece-

254 2447 329 2490 rit3
368 2458 460 2482 nam
489 2443 528 2482 S.
560 2442 783 2481 Athanasius
801 2471 811 2490 ,
855 2450 893 2478 ut
921 2453 1010 2479 mox
1039 2439 1205 2478 vidimus
1224 2469 1233 2487 ,
1276 2439 1363 2476 satis

255 2497 469 2537 luculenter
498 2511 582 2535 earn
612 2496 810 2547 indigitat,
840 2495 931 2532 dum
952 2494 1042 2532 Osio
1070 2493 1240 2545 primum
1271 2493 1365 2529 inter

257 2552 435 2591 Ntcaenos
456 2550 577 2588 Patres
606 2549 733 2587 locum
763 2548 921 2586 tribuit.
952 2547 1059 2584 Licet
1077 2554 1203 2583 autem
1226 2546 1264 2582 in
1286 2545 1368 2597 ple-

259 2609 387 2658 risque
414 2604 613 2642 offenderit
633 2602 807 2641 Gelasius
825 2632 835 2649 ,
866 2614 938 2638 uon
968 2609 1020 2638 est
1048 2608 1171 2638 tamen
1201 2598 1282 2649 ejus
1302 2612 1368 2635 au-

261 2661 408 2697 ctoritas
435 2659 590 2695 omnino
618 2656 918 2702 contemnenda,
949 2655 1064 2691 etiam
1084 2653 1236 2704 quando
1264 2660 1367 2690 vetu-

262 2712 438 2750 stioribus
469 2711 543 2748 fide
572 2711 696 2762 dignis
725 2708 943 2746 testimoniis
972 2706 1261 2745 corroboratur.

319 2764 385 2804 55.
416 2765 612 2811 Quantum
642 2775 731 2807 vero
760 2762 806 2799 ad
836 2762 895 2809 id,
933 2762 1034 2813 quod
1063 2758 1236 2798 Gelasius
1265 2766 1371 2796 testa·

266 2828 352 2866 tur,
382 2832 418 2855 se
450 2817 546 2855 lianc
577 2816 772 2854 historiam
810 2828 855 2852 ex
883 2813 1050 2852 Eusebio
1087 2812 1274 2860 hausisse,
1317 2812 1373 2848 fa-

267 2873 419 2910 tendum
451 2880 529 2918 est,
560 2871 746 2908 diversam
778 2882 853 2906 esse
870 2869 1062 2919 utriusque
1077 2867 1269 2918 scriptoris
1289 2878 1373 2903 nar-

268 2927 454 2964 rationem
471 2954 492 2972 ,Ι
512 2932 552 2960 ut
583 2932 680 2975 patet
708 2922 914 2961 conferenti
943 2920 1089 2958 Gelasii
1120 2920 1376 2958 testimonium

273 2979 396 3028 (Lib.
426 2979 474 3015 Il.
504 2992 589 3028 cap.
622 2976 694 3024 5.)
725 2989 813 3013 cum
843 2975 916 3022 iis,
945 2988 1033 3026 qnae
1063 2973 1175 3011 habet
1189 2972 1378 3010 Eusebius

272 3031 361 3069 Lib.
392 3032 457 3072 Ul.
488 3030 535 3068 de
567 3028 659 3067 Vita
691 3028 944 3066 Constantini
973 3042 1058 3079 cap.
1091 3041 1127 3077 7.
1157 3025 1303 3063 Verum
1332 3024 1378 3062 il-

273 3082 487 3121 lustrissim.
518 3083 644 3128 Petrus
673 3083 718 3121 de
748 3081 883 3120 Marca
912 3081 1038 3132 (Lib.
1059 3079 1109 3117 V.
1139 3083 1186 3117 de
1211 3078 1379 3116 Concor-

274 3135 344 3173 dia
373 3135 618 3186 sacerdotii,
647 3137 695 3177 (9⁴
725 3135 885 3186 Imperii
911 3148 996 3186 cap.
1030 3147 1066 3172 2.
1096 3135 1138 3182 ),
1172 3132 1205 3168 8t
1235 3141 1320 3171 ante
1349 3133 1380 3170 i-

332 3267 379 3300 (a)
413 3261 571 3293 Valesius
596 3261 735 3306 quidem
761 3271 860 3308 putat
876 3284 886 3303 ‚
918 3263 1015 3295 nullo
1041 3259 1142 3294 motio
1166 3260 1318 3305 potuisse
1343 3258 1385 3291 iis

281 3309 397 3342 verbis
426 3308 630 3352 Bysantium
656 3308 856 3351 designari,
883 3321 962 3342 cum
987 3316 1140 3352 tempore
1157 3306 1303 3340 Concilii
1322 3305 1386 3338 Ni-

284 3355 369 3388 erent
397 3352 547 3387 nondum
574 3354 677 3384 fuerit
704 3359 802 3396 regia
827 3357 918 3387 urbis
945 3355 1047 3387 titulo
1071 3353 1295 3386 decoratum·
1321 3349 1387 3383 Sed

285 3401 445 3434 Baluzins
472 3400 505 3432 in
530 3398 763 3433 ohservation.
790 3399 833 3433 ad
856 3400 950 3432 «land.
977 3400 1136 3443 superius
1162 3400 1275 3432 locum
1296 3397 1388 3430 Petri

995 183 1395 229 DISSERTATIO
1428 184 1512 229 IV.
1565 181 1694 228 CA'P.
1726 182 1782 227 II.

1412 253 1524 318 psuin
1553 264 1683 301 Petrus
1711 263 1890 302 Mortuus
1920 262 1936 314 (
1967 263 2056 303 Lib.
2083 265 2114 303 1.
2145 264 2298 305 exercit.
2330 265 2430 316 ρο.)
2459 280 2522 306 3η-

1412 320 1574 371 spicatus
1603 326 1683 364 est,
1731 325 1874 354 textum
1902 316 2088 365 Eusebii,
2130 333 2245 371 quem
2274 333 2374 358 nunc
2402 320 2521 359 habc-

1412 385 1525 419 mus,
1556 384 1632 408 esse
1661 378 1883 421 corruptum
1901 398 1912 416 ,
1943 368 1976 405 ἃ
2005 370 2185 408 mutilum
2203 401 2214 420 ,
2243 386 2286 410 ac
2316 373 2522 425 legendum

1414 423 1518 471 esse,
1541 423 1863 474 quemadmodum
1892 437 1914 459 a
1942 422 2095 460 Gelasio
2124 425 2283 462 refertur
2300 455 2311 474 ,
2354 427 2521 465 scilicet:

1414 481 1495 527 ipse
1524 489 1575 512 ex
1597 474 1800 525 Hispania
1829 475 1943 513 valde
1962 474 2182 513 celebratus
2207 476 2323 514 Θείας
2342 479 2522 517 obtinens

1413 531 1544 567 locum
1587 540 1753 580 magnae
1784 527 1926 565 Romae
1954 528 2140 580 Episcopi
2169 529 2385 579 Sylvestri,
2427 545 2520 570 cum

1414 581 1662 633 Presbyteris
1699 581 1840 619 Romae
1871 580 2039 629 Vitone,
2086 583 2135 622 (9¹
2181 580 2388 621 Vincentio
2430 597 2520 622 cum

1413 634 1583 685 pluribus
1611 633 1960 673 ‹zliis‘consttlebac
1978 662 1988 672 .
2018 636 2126 673 Certe
2147 635 2326 687 periocha
2341 636 2525 685 Eusebii,

1415 702 1502 740 quae
1533 688 1644 726 modo
1673 687 1839 738 legitur,
1870 688 2043 726 nonnihil
2068 689 2239 740 implexa
2261 689 2436 727 videtur:
2467 689 2528 727 Ab

1414 745 1502 791 ipsa
1531 754 1681 791 quoque
1710 740 1912 791 Hispania
1943 746 1997 779 cir
2025 742 2088 779 ille
2109 743 2230 780 multo
2249 746 2426 780 omnium
2443 756 2525 781 ser-

1415 807 1533 831 mone
1562 793 1778 832 celebratus
1808 808 1891 832 unci
1920 808 2011 831 cum
2041 795 2196 845 reliquis
2215 796 2307 833 aliis
2323 796 2498 834 consedit
2515 821 2526 834 .

1417 846 1565 885 Aberat
1594 847 1752 898 quidem
1782 852 1904 900 regiae
1933 847 2036 886 urbis
2078 852 2245 886 antistes
2282 849 2328 886 ob
2357 850 2525 887 senilem,
2573 841 2577 848 ¹

1416 908 1581 938 oetatem
1599 930 1610 948 ,
1639 901 1709 938 sed
1737 910 1883 951 praesto
1903 911 2020 939 erant
2051 901 2304 954 Presbyteri,
2333 906 2397 953 qui
2427 906 2527 940 vices

1416 955 1502 1005 ejus
1531 954 1737 1003 implerent
1752 969 1774 999 ς
1799 955 1864 993 ubi
1895 957 2021 1007 primo
2051 953 2261 993 verisimile
2280 968 2354 993 non
2386 965 2458 1003 est,
2488 968 2529 992 ο-

1417 1008 1575 1044 missum
1607 1007 1721 1044 fuisse
1750 1007 1799 1045 ab
1827 1008 1994 1046 Eusebio
2021 1021 2158 1046 nomen
2187 1008 2269 1046 Osii
2313 1007 2529 1046 celebratis-

1417 1060 1504 1098 simi
1534 1061 1648 1097 etiam
1677 1061 1780 1112 apud
1819 1075 1960 1112 graecos
1988 1060 2193 1112 Episcopi:
2235 1061 2369 1099 deinde
2397 1061 2530 1100 absen-

1419 1115 1510 1150 tiam
1540 1114 1656 1164 regiae
1688 1113 1793 1151 urbis
1824 1115 2007 1152 Antistitis
2037 1115 2087 1151 ita
2115 1115 2276 1152 obscure
2318 1114 2368 1152 ab
2397 1116 2530 1152 eodem

1419 1165 1588 1204 Eusebio
1617 1167 1819 1203 indicat-‘1111
1837 1194 1847 1214 ,
1879 1175 1916 1204 ut
1946 1168 2225 1219 incompertum
2247 1168 2292 1205 sit
2312 1168 2414 1218 apud
2444 1181 2530 1205 eru-

1420 1219 1541 1267 ditos,
1571 1232 1618 1255 an
1650 1220 1802 1256 nomine
1831 1223 1952 1271 regioe
1982 1219 2083 1257 urbis
2114 1219 2260 1268 Roma,
2297 1220 2357 1258 vel
2388 1220 2529 1272 ssysan-

1420 1273 1516 1309 tium
1547 1269 1779 1321 intelligatur
1808 1271 1872 1322 (cz)
1890 1298 1900 1309 .
1931 1271 2077 1309 Verum
2113 1281 2193 1309 utut
2225 1273 2309 1310 haec
2330 1274 2429 1321 sint,
2459 1288 2528 1326 pa-

1421 1339 1508 1362 rum
1540 1338 1670 1361 sumus
1697 1324 1744 1361 de
1773 1323 1919 1361 Gelasii
1962 1325 2183 1361 auctoritate
2224 1323 2404 1372 solliciti,
2451 1341 2530 1378 qua

1422 1379 1535 1415 etiam
1565 1385 1694 1414 ruente
1723 1388 1798 1414 non
1829 1378 1903 1414 ruit
1933 1386 2058 1415 nostra
2087 1377 2297 1425 sententia,
2344 1386 2433 1429 quae
2462 1379 2530 1415 fir-

1422 1430 1610 1468 mioribus
1639 1430 1773 1467 nititur
1802 1430 2083 1468 fundamentis.

1477 1482 1542 1527 54.
1573 1483 1702 1532 Objic.
1733 1484 1896 1520 secundo
1938 1493 2065 1521 contra
2107 1483 2224 1522 aliam
2266 1482 2533 1535 propositionis

1422 1546 1567 1589 partem
1585 1563 1595 1574 .
1641 1535 1819 1573 Vitonem
1837 1566 1847 1584 ,
1893 1536 1925 1573 δε
1956 1537 2203 1575 vincentium
2233 1536 2389 1589 Synodo
2417 1536 2533 1574 intera

1422 1591 1561 1638 fuisse,
1590 1602 1718 1628 omnes
1748 1589 1926 1627 Historici
1957 1591 2133 1636 tratlunt3
2164 1591 2390 1642 praefuisse,
2419 1603 2533 1627 nemo

1421 1651 1632 1692 memorat,
1663 1656 1739 1681 non
1770 1641 1983 1692 Eusebius,
2026 1657 2101 1682 non
2131 1644 2412 1691 Theodoretus,
2455 1655 2535 1682 non

1421 1696 1619 1745 Socrates,
1648 1710 1724 1733 non
1745 1695 1999 1742 Sozomenus;
2030 1697 2092 1735 sed
2123 1711 2246 1749 neque
2275 1696 2388 1734 etiam
2407 1695 2536 1733 Julius

1424 1749 1614 1787 Romanus
1631 1748 1800 1787 Pontifex
1831 1750 1868 1787 in
1898 1751 2109 1788 testimonio
2137 1751 2312 1802 superius
2339 1762 2443 1786 num.
2470 1762 2534 1798 27.

1423 1802 1600 1841 laudato.
1631 1802 1818 1839 Praeterea
1837 1802 2065 1840 Sozomenus
2096 1817 2289 1840 recensens
2319 1803 2534 1852 primarum

1425 1855 1584 1893 Sedium
1619 1855 1804 1893 antistites
1847 1854 1982 1892 ultimo
2023 1854 2106 1892 loco
2138 1854 2351 1893 Romanurn
2381 1853 2534 1890 Pontifiv

1421 1921 1504 1945 cem
1535 1908 1730 1955 nominat,
1777 1907 1844 1960 qui
1877 1921 1943 1959 per
1974 1907 2150 1946 Vitonem
2169 1937 2179 1955 ,
2222 1907 2255 1943 δι
2286 1907 2534 1944 Vincentiunz

1421 1959 1592 1997 Concilio
1620 1961 1773 2006 adfuit5
1825 1960 2002 1998 ultimum
2032 1974 2118 2012 ergo
2160 1960 2299 1999 locum*
2319 1960 2380 1998 isti
2421 1973 2534 1998 occu-2

1425 2023 1587 2065 parunt.

1480 2066 1544 2104 55.
1575 2065 1688 2118 Resp.
1717 2066 1882 2115 Quando
1897 2068 2075 2107 Historici
2096 2076 2302 2117 testantur,
2334 2067 2536 2114 Vitouem,

1426 2118 1459 2155 8<
1488 2118 1736 2157 Vincenti-um
1765 2122 1919 2158 nomine
1950 2120 2108 2159 Romani
2125 2121 2316 2160 Pontificis
2345 2121 2538 2159 interfuis-

1426 2185 1492 2219 se,
1541 2180 1580 2208 ut
1609 2171 1798 2209 Eusebius
1840 2173 1929 2209 Lib.
1959 2174 2026 2210 111.
2071 2174 2119 2210 de
2151 2173 2245 2211 Vita
2286 2175 2538 2211 Constantini

1428 2238 1514 2275 cap.
1548 2238 1583 2274 7.
1602 2253 1612 2272 ,
1643 2223 1676 2260 &
1699 2223 1954 2262 Tlieodoretus
1975 2225 2063 2262 Lib.
2086 2226 2116 2262 Ι.
2145 2225 2253 2262 Hist.
2273 2220 2432 2264 Eccles.
2451 2238 2539 2276 cap.

1432 2291 1468 2328 7.
1487 2307 1497 2326 ,
1528 2275 1598 2314 hoc
1629 2278 1709 2327 ipso
1737 2279 1824 2315 satis
1854 2278 2044 2326 innuunt,
2074 2278 2220 2316 eosdem
2252 2278 2378 2316 locum
2401 2278 2543 2316 Roma-

1429 2331 1471 2381 ni
1501 2329 1695 2368 Pontificis
1722 2332 1909 2379 tenuisse,
1939 2332 2108 2383 adeoque
2137 2332 2290 2385 Synodo
2319 2332 2540 2384 praefuisse.

1430 2383 1530 2422 Nam
1560 2383 1600 2421 S.
1630 2384 1708 2421 Leo
1735 2385 1772 2422 in
1803 2386 1910 2436 epist.
1929 2398 1992 2436 72.
2023 2386 2070 2423 ad
2091 2385 2288 2437 Synodum
2309 2384 2541 2423 Chalcedon.

1433 2437 1628 2484 scribens,
1671 2451 1760 2475 cum
1789 2438 1969 2486 dixisset,
2012 2452 2050 2476 se
2079 2452 2153 2476 non
2181 2453 2286 2492 posse
2315 2439 2438 2476 eidem
2467 2437 2541 2489 Sy-

1433 2491 1531 2529 nodo
1559 2492 1803 2542 praesentiam
1832 2505 1940 2541 suam
1971 2491 2175 2540 exhibere,
2206 2493 2258 2530 ita
2285 2492 2436 2530 subdit:
2478 2499 2542 2527 ta—

1435 2557 1530 2581 men
1559 2547 1600 2580 ιή
1629 2543 1687 2582 his
1715 2543 1922 2596 fratribus
1950 2542 2225 2593 ambasiae,
2273 2546 2322 2585 ἐν
2351 2544 2544 2582 Lucentio

1438 2596 1670 2647 Episcopis‚
1717 2597 1931 2649 Bonifacio
1948 2628 1959 2646 ,
2000 2599 2050 2638 (9‘
2079 2598 2228 2636 Basilio
2266 2597 2512 2651 Presbyteris
2533 2625 2544 2644 ,

1438 2654 1501 2701 qui
1530 2650 1581 2687 αῖ)
1613 2651 1836 2701 Apostolica
1864 2651 1968 2692 Sede
1996 2652 2134 2690 directi
2161 2660 2252 2690 sunt
2275 2681 2285 2699 ,
2323 2665 2388 2689 me
2416 2651 2547 2701 Syno-

1439 2704 1488 2741 do
1517 2713 1646 2742 vestra,
1662 2703 1915 2756 fraternitas
1944 2709 2146 2744 existimet
2174 2704 2414 2757 praesidere.
2448 2702 2547 2748 Qut<

1439 2759 1546 2795 nimo
1575 2757 1613 2795 id
1642 2759 1682 2795 in
1711 2767 1875 2811 quatuor
1912 2760 2048 2811 primis
2091 2759 2337 2796 oecumenicis
2364 2754 2546 2794 Conciliis

1441 2819 1628 2848 servatum
1651 2812 1764 2850 fuisse
1781 2843 1792 2861 ,
1823 2813 1947 2864 inquit
1966 2813 2198 2850 Justinianus
2221 2813 2258 2849 in
2273 2808 2437 2847 Novella
2459 2808 2548 2846 151.

1443 2865 1640 2915 inquiens:
1674 2862 1724 2902 Ur
1753 2865 1970 2904 secundum
1998 2874 2163 2916 quatuor
2191 2864 2346 2901 Sancta
2369 2861 2548 2899 Concilio.
2572 2863 2577 2867 “

1444 2916 1561 2967 Papa
1602 2921 1780 2968 antiquae
1809 2918 1951 2956 Romoe
1991 2923 2041 2956 sit
2068 2921 2246 2955 omnium
2274 2919 2425 2965 primus
2443 2941 2453 2953 .
2502 2914 2550 2951 Et

1445 2978 1619 3008 sexcenta
1647 2970 1723 3009 alia
1753 2972 1914 3024 proferri
1945 2978 2097 3023 possunt
2133 2968 2247 3020 liujus
2276 2970 2420 3019 generis
2449 2968 2549 3006 testi-

1446 3023 1622 3070 monia„
1651 3032 1691 3061 ut
1720 3027 1917 3063 evincatur
1936 3054 1946 3072 ,
1988 3038 2009 3060 a
2038 3023 2173 3074 primis
2216 3035 2333 3072 usque
2365 3021 2552 3059 Ecclesiae

1447 3076 1709 3127 temporibus,
1758 3079 1876 3116 fuisse
1908 3077 2055 3127 Legatis
2087 3074 2196 3112 Rom.
2238 3073 2431 3113 Pontificis
2472 3074 2553 3127 pri-

1447 3142 1556 3167 mum
1586 3131 1813 3181 praesidendi
1842 3130 1967 3168 locum
1998 3130 2037 3166 in
2064 3127 2248 3166 Conciliis
2276 3141 2497 3167 concessum
2515 3152 2526 3164 .

1453 3255 1494 3289 de
1520 3256 1639 3288 Marca
1655 3254 1795 3290 Valesio
1819 3255 1982 3300 reponit,
2008 3256 2117 3289 vitam
2143 3254 2360 3290 Constantini
2387 3254 2490 3287 fuisse
2509 3252 2553 3284 ab

1454 3302 1604 3335 Eusebio
1629 3311 1703 3345 post
1733 3303 1952 3347 Imperatoris
1979 3311 2125 3335 mortem
2145 3325 2155 3344 ‚
2199 3307 2230 3336 δε
2255 3311 2332 3347 post
2359 3299 2554 3334 dedicatam

1455 3349 1793 3392 Constantinopolim
1816 3350 2070 3393 conscriptam.
