2577 3633
273 145 357 188 286

193 223 371 276 'quidem
400 219 478 269 ipse
508 215 697 265 Augustus
725 209 886 248 Joannes
914 204 1148 255 palaeologus
1165 232 1176 250 ,
1217 212 1310 240 con-

211 276 352 315 cordiae
382 269 589 309 retinendae
610 296 621 314 ‚
650 264 773 317 quoad
802 263 922 308 vixit,
963 271 1115 296 omnem
1152 268 1310 306 operam

210 326 383 366 navavit:
411 323 511 361 unde
540 322 653 358 etiam
683 314 845 368 Josepho
875 315 912 352 in
941 310 1094 364 Synodo
1124 308 1312 346 Florenti-

209 395 261 419 na
288 379 463 416 defuncto
491 373 615 413 suffici
658 371 807 409 curavit
844 369 886 405 in
924 360 1184 403 patriarchatu
1213 362 1310 399 Con-

209 430 541 482 stantinopolitano
562 422 851 475 Metrophanem
880 419 984 472 pacis
1013 417 1118 454 initae
1149 417 1311 453 retinen-

210 487 425 524 tissimum.
455 481 518 520 llli
548 475 944 525 successitGregorius
960 469 1214 517 Melissenus3
1243 468 1312 521 qui

211 537 435 591 Imperatori
464 550 487 572 a
515 529 810 572 confessionibus
834 535 938 574 erat,
968 524 1148 570 unitatis,
1179 524 1241 560 cui
1272 522 1310 558 in

208 591 383 630 Concilio
412 588 630 627 Florentino
673 581 971 632 subscripserat,
1015 575 1049 612 ἃ
1078 589 1179 614 verae
1223 573 1312 613 reli‘

210 647 335 697 gionis
363 643 512 688 cultor,
554 640 620 691 qui
652 644 778 688 postea
817 632 974 671 dissidia
1003 631 1044 668 in
1073 629 1153 667 dies
1181 627 1313 679 augeri

211 698 363 746 dolens,
405 702 534 746 sponte
563 706 600 730 se
631 686 890 727 Patriarchatu
920 684 1139 723 abdicavit.
1187 680 1314 720 Multa

213 753 326 789 etiam
357 761 424 801 pro
453 746 528 784 fide
556 742 743 782 catholica
759 740 934 791 scripsit,
963 737 998 773 δε
1019 734 1151 774 Romae
1173 736 1212 773 iu
1234 748 1314 772 ma-

211 818 285 856 gna
314 800 520 841 sanctitatis
561 798 740 851 opinione
768 793 865 831 obiit
885 817 897 830 .
945 790 1009 829 Illi
1050 791 1206 828 demum
1238 794 1315 839 post

213 864 366 909 captam
395 869 417 892 a
446 852 584 895 Turcis
611 843 978 897 Constantinopolim
1004 841 1315 881 ‘successitGeor-

213 911 297 961 gius
327 908 395 946 ille
423 905 645 944 Scholarius
662 931 672 950 ,
702 902 770 954 qui
799 908 872 937 tres
901 900 943 937 in
969 895 1140 935 Concilio
1160 893 1316 933 Floren-

211 965 290 1001 tino
318 975 388 1014 pro
416 973 509 1011 pace
551 957 736 996 orationes
783 952 927 1000 edidit,
974 949 1009 987 ’δι
1039 958 1163 1002 postea
1205 960 1317 985 suum

211 1029 352 1054 nomen
384 1014 576 1060 mutavit,
620 1024 657 1048 se
687 1006 933 1046 Gennadium
962 1002 1185 1056 appellans.
1228 999 1316 1037 Non

212 1069 375 1108 mutavit
404 1076 531 1104 tamen
562 1072 729 1103 mentem
751 1091 762 1108 ‚
810 1073 926 1112 quam
956 1069 1105 1108 semper
1142 1052 1316 1092 orthodo-

214 1136 303 1160 xam
321 1152 331 1170 ,
361 1133 571 1171 sanamque
599 1116 683 1155 Deo
711 1113 915 1166 adjuvante
946 1110 1127 1148 retinuit.
1157 1106 1222 1144 Est
1251 1118 1319 1142 au-

212 1184 289 1213 tem
319 1175 488 1213 diversus
517 1172 567 1210 ab
582 1170 658 1208 alio
674 1169 839 1218 Georgio
856 1196 866 1215 ,
895 1179 959 1202 seu
979 1162 1182 1201 Gennadio
1202 1158 1318 1197 Scho-

210 1228 308 1266 lario
336 1226 559 1273 Monacho,
589 1222 717 1263 Marci
746 1219 906 1272 Ephesii
937 1214 1153 1266 discipulo,
1184 1226 1227 1250 ac
1246 1212 1318 1250 La-

212 1285 381 1321 tinorum
410 1292 541 1326 more,
571 1280 601 1316 si
632 1275 748 1315 Leoni
779 1272 922 1310 Allatio
950 1269 1168 1314 credimus,
1216 1264 1320 1317 apud

218 1349 336 1387 quem
366 1332 487 1370 multo
516 1330 628 1382 plura
657 1327 896 1366 invenientur
915 1323 960 1360 de
981 1322 1130 1360 Graecis
1161 1321 1200 1357 in
1231 1332 1321 1356 con-

216 1388 348 1426 cordia
378 1385 540 1424 fideliter
568 1378 882 1434 permanentibus
905 1407 916 1424 ‚
947 1375 981 1411 8<
1009 1375 1055 1412 de
1086 1371 1196 1410 Rom.
1226 1371 1322 1408 Pon·

214 1439 367 1478 tificum
398 1439 534 1489 pietate
552 1465 562 1483 ,
605 1448 650 1473 ac
679 1430 939 1471 sollicitudine
968 1440 1037 1480 pro
1064 1440 1158 1479 pace
1189 1424 1321 1462 Eccle-

211 1494 279 1531 siae
311 1490 371 1530 vel
401 1489 683 1535 conservanda,
729 1483 791 1523 vel
822 1481 1141 1531 redintegranda3
1172 1477 1206 1513 8(
1235 1477 1322 1529 qui-

212 1547 300 1584 dem
329 1556 407 1583 non
435 1545 517 1581 sine
548 1543 700 1586 fructt13
731 1551 818 1575 nam
850 1537 929 1588 ipse
960 1532 1211 1585 'Theophanes
1231 1530 1321 1568 Pro-

212 1599 418 1650 copovvicz
446 1596 505 1634 vel
537 1597 680 1634 invitus
718 1592 883 1638 fatetur,
931 1600 1135 1626 numerum
1165 1586 1322 1622 Graeco-

206 1665 301 1690 -rum
319 1682 329 1700 ‚
358 1663 452 1703 quos
473 1648 726 1698 λατινόφξονες·
744 1652 878 1691 vocat,
908 1656 973 1680 seu
994 1641 1118 1679 latine
1147 1641 1323 1676 sentien-

214 1715 273 1743 ies
292 1735 302 1754 ,
348 1718 438 1743 cum
470 1700 683 1754 Apostolica
711 1698 808 1738 Sede
837 1698 1030 1735 unitorum
1074 1694 1318 1734 esseimaxi-

215 1771 328 1796 mum
358 1756 422 1808 (a)
441 1782 452 1794 .

271 1811 360 1850 266.
391 1810 525 1862 Neque
554 1807 668 1844 etiarn
699 1802 1008 1858 praetereundum
1039 1807 1119 1848 est,
1161 1799 1322 1836 Graecos

217 1880 240 1904 a
270 1864 439 1902 Romana
468 1859 641 1900 Ecclesia
670 1859 890 1896 dissidentes
909 1885 918 1903 ‚
949 1854 1070 1892 multo
1097 1853 1216 1903 magis
1246 1852 1321 1889 dis-

216 1919 338 1957 sidere
359 1932 380 1953 a
400 1912 693 1952 protestantibus
711 1939 721 1956 ‚
752 1909 785 1944 St
814 1907 1095 1949 Novatoribus;
1124 1905 1226 1954 quod
1247 1905 1323 1940 for-

212 1980 314 2010 tasse
335 1978 659 2022 supervacaneum
690 1972 782 2000 esset
797 1972 950 1998 monere
968 1988 979 2007 ‚
1009 1957 1081 1996 nisi
1102 1956 1259 2007 quidam
1282 1966 1328 1992 ex

216 2025 302 2063 istis
332 2030 460 2060 contra
489 2018 732 2056 manifestam
762 2015 961 2053 veritatem
990 2011 1028 2048 id
1057 2022 1196 2060 negare
1227 2021 1326 2059 prae-

219 2084 434 2118 sumerent;
478 2071 676 2123 praecipue
706 2075 832 2104 autem
863 2064 1015 2103 Frid'er.
1044 2061 1326 2113 Spanhemius,

220 2131 286 2180 qui
317 2131 354 2165 in
384 2123 565 2164 Elenctzo
597 2121 961 2159 Controversiarum
992 2129 1077 2168 pag.
1114 2115 1207 2166 591.
1238 2113 1328 2151 edit.

222 2181 400 2232 Lugduni
433 2179 660 2216 Batavorum
688 2172 802 2225 1687.
832 2172 988 2218 asserit,
1032 2167 1326 2214 controversias,

219 2249 313 2288 quae
344 2233 457 2271 hodie
487 2233 581 2268 inter
610 2227 884 2273 Proteszames,
925 2238 970 2262 ac
999 2222 1157 2259 Graecos
1185 2221 1327 2271 agitan-

215 2298 287 2327 *tur
305 2318 314 2336 ,
346 2295 526 2337 spectare.
555 2285 688 2335 magis
717 2279 772 2318 ad
801 2279 977 2326 cultum,
1020 2275 1073 2313 ad
1102 2278 1198 2311 ritus
1220 2303 1231 2321 ‚
1278 2273 1327 2314 ὠ·

225 2341 481 2390 disciplinam
499 2368 510 2386 ,
539 2349 661 2388 quam
692 2333 747 2372 ad
763 2332 899 2386 fidem
927 2324 1201 2372 catholicamj
1249 2335 1329 2379 post

223 2403 351 2434 autem
381 2392 464 2432 vult
494 2406 515 2429 a
546 2389 652 2427 nobis
682 2387 863 2426 Romanis
891 2386 1048 2424 Graecos
1082 2381 1262 2420 dissidere
1291 2382 1330 2418 in

223 2446 477 2501 dogmatibus
494 2439 879 2497 fundamentalibus
897 2465 906 2476 .
950 2438 1108 2476 Frustra
1135 2444 1262 2472 autem
1292 2434 1332 2471 id

223 2502 381 2540 suadere
419 2507 601 2545 conatur,
645 2495 875 2534 enumeratis
917 2489 1127 2544 pluribus,
1171 2487 1204 2523 8(
1234 2488 1331 2526 varii

224 2555 371 2608 generis
401 2551 663 2592 controversiis
680 2579 691 2597 ‚
721 2550 816 2586 inter
843 2560 939 2599 quas
960 2545 1125 2582 diversos
1154 2542 1246 2578 ritus
1274 2554 1332 2577 re-

226 2617 380 2655 censet,
408 2605 470 2645 vel
501 2603 643 2642 nullius
660 2633 671 2651 ‚
699 2602 759 2641 vel
777 2599 982 2639 admodum
1013 2595 1139 2647 exigui
1161 2607 1333 2632 momen-

227 2664 256 2701 ti
275 2692 284 2710 ‚
315 2669 461 2698 tantum
479 2667 516 2695 ut
531 2669 689 2695 numero
708 2664 817 2693 aucto
838 2655 1004 2691 incautos
1032 2649 1187 2687 lectores
1205 2647 1332 2686 fallat.

293 2714 385 2766 267.
415 2714 464 2752 At
493 2725 582 2753 vero
609 2719 795 2763 quantum
825 2706 956 2746 Graeci
974 2735 985 2755 ,
1015 2701 1275 2742 &Orientales
1293 2714 1334 2739 o-

275 2897 324 2933 (α)
347 2891 466 2936 Aliqui
485 2899 601 2924 tamen
621 2887 751 2922 Allatio
775 2893 994 2933 repugnant,
1020 2890 1207 2928 putantes,
1233 2893 1343 2915 unum

227 2940 334 2973 fuisse
359 2938 549 2982 Georgium
574 2935 791 2969 Scholarimn
811 2956 822 2975 ,
860 2934 932 2965 sive
957 2928 1204 2968 Gennadium,
1229 2929 1344 2972 primo

234 2987 391 3026 Latinis,
427 2992 545 3029 postea
571 2981 810 3015 schismaticis
837 2978 1039 3012 addictum.
1083 2977 1134 3008 lta
1161 2975 1263 3008 Rich.
1291 2975 1345 3008 Si—

229 3033 364 3064 monius
391 3032 425 3064 in
453 3030 506 3063 De
532 3030 896 3062 transubstantiatione
914 3047 924 3065 ‚
951 3028 981 3056 δι
1008 3021 1178 3055 Eusebius
1206 3021 1346 3057 Renou-

230 3076 345 3109 dotius
383 3079 417 3109 in
443 3078 581 3109 Obsero.
618 3076 664 3108 ad
698 3073 873 3111 Genmzdii
911 3072 1095 3104 homilias.
1146 3066 1344 3101 Fridericus

238 3122 467 3169 Spanhemius
494 3123 548 3155 De
572 3121 743 3155 Ecclesia
768 3120 965 3153 orientalis
986 3128 1026 3149 ac
1051 3116 1202 3148 Romanae
1226 3126 1347 3157 perpe-

235 3177 292 3203 tua
316 3170 549 3209 dissensione,
574 3172 614 3201 δ’
629 3172 662 3200 in
678 3166 778 3199 Diss.
792 3166 889 3199 Hist.
904 3166 947 3198 de
963 3164 1156 3196 orientalis
1176 3160 1346 3194 Ecclesiae

235 3223 329 3249 statu
354 3215 519 3253 Graecos,
561 3214 622 3258 qui
650 3214 772 3247 initam
799 3209 1020 3245 concordiam
1045 3207 1205 3251 religiose
1230 3218 1347 3239 serva-

233 3269 341 3301 runt,
366 3271 488 3293 vocare
514 3271 580 3292 non
605 3269 743 3293 veretur
770 3262 902 3303 spurios
919 3279 930 3298 ,
973 3258 1188 3293 neotericos,
1224 3255 1346 3286 latini-

235 3316 358 3345 zatos;
384 3309 414 3338 &
440 3316 520 3338 cum
533 3315 658 3348 negare
685 3317 750 3338 non
777 3313 916 3349 posset,
940 3312 1108 3346 magnum
1133 3311 1252 3332 eorum
1281 3311 1346 3331 nu-

236 3365 375 3387 merum
413 3363 513 3392 esse,
552 3350 613 3396 qui
639 3361 702 3394 pro
725 3350 893 3385 ortodoxo
926 3347 1085 3394 dogmate
1122 3353 1348 3390 pugnarunt,

966 121 1367 170 DISSERTATIO
1397 121 1456 166 V.
1503 117 1630 163 CAP.
1662 117 1741 162 VI.

1377 213 1482 239 mnes
1497 213 1519 237 a
1538 197 1646 235 novis
1661 194 1980 245 Lntheraubrum,
1998 195 2374 251 Calviaistarumque
2389 198 2476 252 ‹tog-

1377 253 1544 291 matibus
1573 249 1688 288 alieni
1717 249 1790 286 sint
1810 277 1821 296 ,
1852 248 1964 286 facite
1992 260 2162 288 constare
2191 261 2306 303 potest
2333 262 2414 290 tum
2432 264 2477 291 ex

1379 306 1489 344 libris
1519 316 1650 342 eorum
1680 301 1925 353 symbolicis,
1954 310 2035 339 tum
2064 305 2175 341 etiam
2193 318 2237 343 ex
2267 307 2477 358 responsio*

1377 372 1427 397 ne
1468 359 1554 396 data
1596 354 1798 406 Theologis
1841 353 2152 405 'I'ubiugensibus
2195 372 2221 395 a
2261 357 2481 397 patriarcha

1378 408 1793 460 Constantinopolitano
1819 406 2014 445 Jeremia.
2055 408 2154 444 Cum
2190 412 2299 448 enim
2329 411 2479 450 'subin-2

1378 479 1502 517 genses
1530 462 1813 501 Confessionem
1845 460 2102 511 Augustanam
2133 474 2155 498 a
2179 460 2361 513 Philippo
2397 465 2483 503 Me..

1379 517 1575 556 lanchtone
1604 517 1642 553 in
1669 527 1841 566 graecum
1872 513 2014 551 idioma
2043 527 2262 552 conversam
2284 513 2343 553 illi
2363 523 2483 555 trans-

1382 571 1569 610 misissent
1587 598 1597 616 ,
1618 567 1799 606 Jeremias
1817 576 1895 618 post
1915 576 2109 604 maturum
2126 569 2180 605 rei
2198 582 2359 606 examen
2379 583 2482 607 eam-

1379 623 1466 661 dem
1503 622 1661 660 omnino
1702 620 1863 671 rejecit.
1903 620 2079 672 Cumque
2109 620 2375 673 'subingenses
2416 621 2488 660 liae

1380 677 1623 727 responsione
1652 675 1814 712 minime
1855 674 2019 710 contenti
2038 702 2048 720 ‚
2095 674 2234 712 iterum
2253 705 2264 724 ,
2307 688 2350 713 ac
2379 677 2488 713 tertio

1382 743 1489 767 suam
1519 728 1729 766 doctrinam
1759 727 1880 778 magis
1909 725 2139 778 explicatam
2181 729 2490 780 proposuissent<²

1381 782 1564 820 Jeremias
1593 781 1787 819 sententiae
1809 792 1887 817 suae
1908 788 2018 817 tenax
2035 781 2136 818 idem
2159 793 2315 833 *semper
2335 770 2491 833 responss

1382 836 1466 884 dit,
1511 848 1647 887 eosque
1677 834 1847 885 rogavit,
1891 843 1930 870 ut
1959 830 2032 871 sibi
2062 833 2211 872 molesti
2240 848 2316 873 esse
2345 835 2492 872 desine·-

1382 897 1465 926 rent
1482 915 1492 926 .
1523 889 1622 934 Quae
1640 889 1770 925 omnia
1785 886 1907 925 videri
1925 896 2074 938 possunt
2094 887 2132 924 in
2155 887 2263 925 Actis
2279 917 2290 935 ,
2318 889 2368 928 ὅ)
2385 888 2489 926 Scri-

1384 946 1459 993 ptis
1492 941 1777 993 leeologorum
1808 938 2253 991 Wirtembergensium‚
2295 953 2409 994 supra
2452 942 2494 979 iis

1384 1005 1469 1033 nota
1500 994 1547 1032 ad
1575 1008 1615 1032 n.
1635 994 1724 1040 245.
1754 993 1942 1031 laudatis.
1972 992 2119 1031 Melius
2148 1002 2276 1032 tamen
2304 997 2374 1031 erit
2403 1006 2494 1032 con-

1384 1047 1510 1086 sulere
1540 1048 1645 1085 Acta
1674 1046 1871 1084 Ecclesiae
1890 1043 2110 1084 Orientalis
2139 1056 2281 1085 contra
2308 1047 2496 1085 haeresim

1389 1100 1554 1138 Lutheri
1586 1101 1716 1138 Romae
1759 1100 1809 1137 ab
1840 1099 2095 1138 Emmanuele
2125 1115 2146 1138 a
2176 1100 2426 1139 Schelestrate
2453 1113 2493 1138 e*

1387 1155 1467 1192 dita
1495 1154 1731 1204 ann01759.
1761 1152 1898 1191 Videri
1928 1153 2040 1190 etiam
2072 1162 2224 1205 possunt
2253 1153 2381 1192 Guill.
2402 1153 2495 1192 Lin-

1387 1208 1508 1245 danus
1537 1206 1751 1258 Episcopus
1780 1204 2117 1253 Ruremondanus,
2160 1205 2324 1245 celebris
2365 1215 2498 1244 contra

1389 1259 1623 1299 Lutheranos
1667 1259 1954 1296 controversista
1975 1287 1985 1305 ‚
2028 1266 2110 1294 tum
2144 1257 2207 1295 Jo.
2237 1260 2402 1310 Baptista
2432 1259 2500 1298 Fia

1389 1313 1563 1360 cltlerus,
1594 1312 1765 1364 aliique,
1794 1312 1862 1362 qui
1892 1309 1964 1348 hac
1994 1309 2222 1348 Patriarchae
2239 1311 2499 1349 Constantino-

1390 1366 1548 1419 politani
1578 1366 1808 1404 confessione
1838 1364 1886 1401 ad.
1914 1364 2246 1402 demonstrandam
2267 1365 2500 1416 perpetuita—

1390 1430 1467 1459 tem
1496 1420 1587 1458 fidei
1616 1418 1833 1456 orthodoxae
1863 1427 1993 1455 contra
2011 1416 2217 1456 Novatores
2248 1417 2411 1455 feliciter
2441 1418 2500 1455 usi

1389 1482 1477 1512 sunt
1499 1504 1509 1522 ‚
1538 1473 1737 1525 praecipue
1765 1484 1836 1524 pto
1864 1471 2004 1509 tuendo
2023 1470 2195 1522 dogmate
2223 1470 2502 1509 transmissa&—

1390 1531 1567 1566 tiationis
1586 1555 1597 1574 ,
1639 1525 1741 1578 quod
1770 1525 1902 1563 Graeci
1930 1524 2133 1562 nobiscum
2162 1533 2291 1576 aperte
2319 1524 2501 1563 confiteo-2

1392 1591 1453 1618 tur
1474 1607 1485 1619 .
1528 1581 1633 1618 Idem
1663 1580 1777 1617 etiam
1806 1576 2028 1616 Patriarcha
2055 1577 2241 1615 Jeremias
2283 1579 2321 1615 in
2350 1577 2504 1615 laudata

1393 1635 1639 1686 responsione
1667 1633 1714 1671 ad
1746 1630 1958 1682 Theologos
1985 1630 2252 1682 'subingenses
2280 1644 2503 1669 consensum

1389 1701 1479 1727 cum
1508 1685 1684 1726 Ecclesia
1714 1685 1883 1724 Romana
1903 1683 2110 1722 declaravit
2140 1686 2178 1722 in
2208 1686 2419 1736 septenario
2434 1685 2500 1722 Sa·-

1388 1751 1673 1780 eramentorum
1703 1751 1864 1778 numero
1880 1768 1891 1787 ‚
1928 1739 1968 1776 in
1999 1737 2105 1776 cultu
2134 1737 2357 1776 Sanctorum
2377 1767 2388 1785 ‚
2410 1737 2504 1775 ῬιεΞ

1388 1795 1603 1848 liquiarum
1625 1825 1636 1842 ,
1666 1793 1700 1830 &
1730 1793 1973 1844 Iinaginuni‚
2018 1790 2056 1829 in
2085 1791 2163 1830 vita
2193 1792 2397 1829 monastica
2416 1821 2426 1834 ,
2456 1804 2501 1829 ao

1393 1848 1571 1900 pluribus
1600 1847 1713 1895 aliis,
1756 1859 1845 1898 quae
1867 1845 2025 1883 Sectarii
2056 1846 2300 1897 pertinaciter
2331 1836 2507 1882 inficiam⁸

1392 1911 1454 1938 tur
1476 1931 1487 1949 ‚
1531 1914 1626 1952 quos
1657 1908 1856 1952 propterea
1883 1898 2067 1937 Jeremias
2109 1899 2332 1936 temeritatis
2372 1899 2509 1936 merito

1395 1954 1613 2013 redarguit,
1660 1954 1764 2004 quod
1793 1953 1925 1989 omnia
1953 1951 2038 1989 haec
2081 1952 2259 2003 dogmata.
2300 1965 2339 1989 se
2367 1949 2507 1988 melius

1396 2005 1610 2057 intelligere
1632 2013 1865 2056 praesumant
1883 2033 1892 2050 ,
1908 2019 2026 2055 quam
2044 2013 2147 2042 vetus
2164 2034 2175 2052 ‚
2199 2004 2232 2040 8(
2247 2016 2346 2043 nova
2362 2002 2480 2040 Roma
2492 2029 2504 2040 .

1451 2058 1543 2096 268.
1572 2057 1783 2109 Sperarunt
1824 2057 1982 2108 quidem
2012 2056 2280 2103 Protestantes,
2324 2069 2362 2094 se
2403 2068 2512 2107 posse

1394 2124 1484 2149 cum
1514 2111 1677 2147 Graecis·
1696 2117 1836 2146 contra
1864 2107 2080 2146 Ecclesiam
2123 2108 2337 2146 Romanam
2385 2108 2511 2146 foedus

1394 2164 1536 2216 pacisci
1554 2193 1564 2210 ,
1594 2159 1756 2214 quando*
1777 2161 1943 2197 famosus
1963 2159 2134 2211 Cyrillus
2163 2159 2320 2198 Luc-aris
2339 2159 2511 2199 Calvini-

1394 2219 1486 2256 stica
1532 2215 1596 2253 lue
1637 2215 1801 2252 insectus
1825 2211 2288 2264 'Constantinopolitanum
2333 2212 2512 2252 thronum

1395 2269 1642 2308 conscendit.
1672 2266 1746 2305 Sed
1775 2267 1914 2304 iterum
1944 2266 2093 2317 decepti
2122 2274 2234 2312 sunt3
2262 2266 2379 2304 semel
2409 2280 2453 2305 ac
2472 2277 2512 2305 'e-

1397 2325 1480 2362 nim
1510 2323 1629 2375 coepit
1650 2321 1810 2360 Lucaris
1839 2332 1923 2358 suos
1937 2319 2180 2358 calvinianos
2195 2332 2339 2358 errores
2367 2321 2407 2359 in
2428 2320 2512 2359 vul-

1397 2391 1464 2430 gus
1493 2389 1669 2430 spargere
1686 2405 1697 2424 ,
1727 2375 1798 2411 fuit
1826 2373 1933 2412 illico
1961 2372 2010 2411 ab
2039 2372 2147 2412 illius
2166 2372 2351 2412 Ecclesia:
2381 2383 2514 2426 proce-

1398 2431 1504 2469 ribus
1534 2445 1555 2468 e
1584 2428 1677 2467 solio
1705 2427 1899 2479 dejectus,
1944 2425 1977 2463 8<
2007 2427 2045 2465 in
2088 2427 2249 2465 exilium
2278 2438 2408 2465 actus.
2463 2427 2514 2466 Et

1399 2485 1578 2536 quamvis
1606 2491 1734 2534 postea
1761 2493 1903 2533 opera,
1951 2479 1985 2516 ἆ
2029 2493 2106 2518 aere
2133 2481 2264 2533 Legati
2294 2480 2514 2519 Hollandici

1400 2535 1701 2576 Patriarchalem
1730 2536 1857 2574 sedem
1886 2535 2147 2586 recuperarit,
2196 2548 2279 2572 eam
2311 2543 2436 2572 tamen
2465 2535 2514 2572 si·-

1401 2591 1483 2629 mul
1526 2605 1616 2629 cum
1660 2591 1737 2628 vita
1764 2590 1905 2626 iterum
1948 2589 2076 2625 amisit
2104 2600 2202 2626 anno
2236 2587 2350 2627 1638.
2380 2587 2515 2639 laqueo

1400 2644 1631 2682 suffocatus.
1674 2643 1734 2692 De
1762 2640 1912 2695 Cyrillo
1941 2640 2099 2679 Lucaris
2128 2641 2311 2680 videndus
2340 2641 2417 2679 Leo
2447 2638 2513 2678 Al-

1400 2697 1515 2737 latius
1543 2698 1584 2737 in
1613 2697 1703 2736 Lib.
1722 2696 1790 2734 111.
1819 2694 1884 2734 De
1911 2692 2110 2734 Ecclesiae
2141 2693 2437 2741 Occidentalis,
2464 2692 2513 2734 ἴθ’

1397 2890 1482 2924 quos
1508 2885 1688 2911 recensent
1713 2877 1945 2917 Possevinus,
1983 2874 2156 2910 Arcadius
2173 2896 2185 2915 ‚
2210 2874 2388 2912 Morirms,
2413 2870 2510 2905 Aila=

1395 2928 1464 2959 tius
1480 2947 1490 2965 ‚
1530 2924 1689 2957 Labheas
1703 2946 1714 2964 ,
1751 2922 1993 2963 Echellensis‚
2030 2921 2228 2955 Helstenius
2243 2941 2254 2959 ‚
2280 2915 2485 2963 Raynaldus
2499 2938 2512 2956 ,

1397 2972 1571 3009 Gnarum,
1597 2969 1771 3002 Amardus
1787 2991 1798 3008 ,
1824 2969 2023 3010 Simonius,
2049 2971 2080 3000 δε
2099 2967 2178 3005 alii,
2202 2976 2320 2998 omnes
2347 2965 2431 2997 istos
2451 2974 2512 2995 no-

1396 3019 1531 3052 minare
1558 3016 1608 3048 illi
1637 3016 1768 3059 placuit
1801 3020 2019 3055 esurientes,
2058 3014 2217 3050 venales,
2255 3015 2403 3054 impense
2427 3011 2513 3043 ‹cclii-

1397 3068 1526 3098 latores
1541 3083 1552 3102 ,
1578 3062 1796 3106 honorumque
1823 3064 1922 3095 simul
1937 3083 1948 3102 ,
1975 3065 2015 3094 ἔφ’
2040 3070 2237 3093 nummorum
2262 3058 2484 3089 avidissimos
2499 3077 2510 3088 .

1397 3113 1444 3145 Et
1472 3109 1645 3155 plurima,
1670 3120 1747 3152 quae
1775 3121 1793 3141 a
1820 3108 1917 3141 nobis
1944 3106 2058 3141 afferri
2085 3104 2221 3144 solent,
2262 3102 2513 3137 Ecclesiastica

1398 3164 1624 3191 monumenta
1650 3156 1753 3187 unico
1779 3155 1864 3187 flatu
1899 3152 2105 3197 dispungere
2130 3162 2164 3182 se
2192 3157 2321 3194 putat,
2361 3147 2479 3181 dicens
2499 3161 2508 3179 ε

1399 3204 1551 3238 Credere
1576 3214 1616 3234 ne
1641 3213 1783 3244 propera
1800 3200 1926 3243 ‚salsa
1943 3202 2076 3231 omnia.
2103 3195 2232 3230 Odium
2259 3194 2511 3238 inextinguibi-

1398 3251 1429 3283 le
1455 3257 1576 3283 contra
1601 3248 1794 3280 Ecclesiam
1819 3248 2013 3279 Romanam
2037 3243 2218 3279 hominem
2230 3243 2316 3277 alias
2340 3253 2409 3277 non
2433 3240 2510 3276 ine-

1397 3295 1555 3346 ruditum
1581 3291 1665 3328 adeo
1689 3292 1878 3327 excaecavit
1897 3312 1905 3322 .
