2577 3633
316 187 344 230 θ
779 174 783 176 ’
1046 143 1445 213 DISSERssATIO
1476 166 1511 209 1.
1563 164 1692 209 CAP.
1722 161 1758 204 1.

255 271 390 318 ⁴sponte
419 260 489 298 fuit
509 255 709 296 Trinitatis
737 253 918 306 cognitio:
945 262 1032 302 ergo
1053 249 1122 286 &c-.
1153 246 1264 285 Proh.
1287 248 1359 284 mi·-

255 331 342 356 nor.
372 313 544 352 Termini
573 310 732 348 infinitae
762 306 1048 357 intelligentiae,
1090 315 1134 338 ac
1162 299 1362 338 voluntatis

252 370 395 408 debent
419 380 506 404 esse.
528 377 593 416 per
621 378 658 401 se
686 362 943 405 subsistentes,
990 355 1127 393 debent
1163 355 1363 405 insuperjz

256 421 449 475 principio
469 416 698 468 intelligente
715 444 726 463 ,
756 413 789 448 &
817 412 959 450 volente
979 406 1130 446 realiter
1158 406 1361 456 distingtffi

255 475 294 510 ἃ
335 472 587 511 nihilominus
611 482 691 506 esse
734 467 845 503 unius
874 472 1017 501 naturae
1035 490 1046 510 ,
1094 459 1128 495 δί
1162 460 1328 496 ‘essentiae
1349 487 1360 505 ,

255 525 583 580 quemadmodum
613 522 734 572 reipsa
763 526 845 555 sunt
874 515 1007 562 Pater,
1048 512 1243 560 Verbum,
1273 511 1360 562 Spi-

257 582 353 618 ritus
382 588 553 620 sanctum
596 586 682 624 ergo
711 572 780 608 διο.
827 568 1054 620 Explicatur
1080 574 1200 604 antec.
1233 564 1361 601 Primo

256 634 413 671 ⁴termini
445 629 603 668 infinitae
626 624 886 663 intellectionis
904 651 915 668 ,
944 621 977 657 8<
1006 619 1196 658 volitionis
1223 617 1362 654 debent

254 700 337 723 -esse
366 698 432 735 per
458 697 495 720 se
525 680 759 717 subsistentes
777 706 787 724 ,
834 675 928 727 quia
955 674 1049 711 ratio
1090 670 1269 709 naturalis
1299 682 1361 706 nos

254 740 390 783 docet,
421 737 458 772 iu
482 734 562 771 Deo
591 731 739 769 nullum
770 742 846 765 esse
875 727 1073 766 accidens.
1106 723 1279 762 Secundo
1297 723 1361 758 de-

259 792 349 828 bent
377 802 451 825 esse
481 801 502 824 a
531 785 721 837 principio
741 780 997 832 intelligente,
1026 778 1061 813 8<
1089 793 1111 815 a
1140 776 1283 815 volente
1304 775 1362 810 di-

254 843 410 889 stincti,
458 838 630 890 alioquin
661 837 761 874 idem
789 843 880 872 esset
907 832 1164 885 principium,
1212 843 1255 866 ac
1291 836 1362 864 ter-

258 896 388 934 minus
406 921 415 930 .
446 893 613 931 Demum
628 889 806 927 *eamdem
827 886 966 924 habere
988 884 1130 923 debent
1160 890 1332 920 naturam
1350 892 1361 923 3

255 948 430 999 *al-ioquin
460 945 588 998 plures
617 952 732 981 essent
761 949 903 979 naturae
940 938 1124 984 infinitae,
1168 934 1271 987 quod
1312 940 1363 969 est

261 1000 494 1038 absurdunt:
523 998 594 1035 ἃς.
622 997 733 1033 Hanc
761 992 1022 1032 difficultatem
1054 991 1171 1028 fusius
1200 985 1363 1038 explicat

258 1055 347 1091 Car.
378 1053 544 1089 Witasse
573 1050 686 1088 Tom.
707 1048 756 1085 II.
786 1062 824 1100 q.
851 1061 884 1084 ι.
913 1055 983 1083 art.
1009 1058 1042 1082 1-

312 1107 381 1152 42.
414 1103 597 1156 Respond.
627 1116 711 1153 neg.
742 1102 864 1145 min.;
910 1099 957 1136 ad
987 1096 1098 1149 prob.
1139 1095 1225 1133 dist.
1255 1100 1363 1136 ant.;

258 1160 377 1211 idque
406 1166 589 1210 apparet,
619 1155 697 1193 sola
717 1155 860 1191 ratione
880 1153 1001 1189 facem
1025 1149 1267 1200 praeferente,
1296 1157 1364 1181 ne-

257 1227 342 1264 vgoj
370 1213 401 1249 si
430 1212 543 1247 etiam
573 1207 777 1254 revelatio,
806 1205 840 1241 8<
870 1204 961 1241 fides
992 1205 1030 1239 in
1060 1202 1270 1239 subsidium
1300 1198 1366 1235 ad-

261 1274 441 1311 vocetur,
470 1275 579 1300 conc.
609 1261 657 1298 Et
685 1273 770 1297 sane
798 1259 911 1294 etiam
941 1256 1104 1306 Spiritus
1132 1262 1276 1290 sanctus
1308 1253 1366 1288 in·

262 1318 417 1367 telligit,
449 1315 481 1350 8<
512 1314 622 1360 vult,
651 1326 718 1349 nec
747 1320 871 1347 tamen
901 1309 1076 1345 terminos
1105 1306 1280 1357 producit
1299 1316 1367 1356 per

258 1384 299 1406 se
324 1369 587 1414 subsistentes,
617 1373 765 1415 atquea
794 1377 859 1400 sua
879 1361 1037 1398 Persona
1063 1360 1274 1396 distinctos.
1308 1356 1366 1393 Ad

260 1421 553 1459 declarationem
582 1426 708 1455 autem
737 1415 988 1453 antecedentis
1017 1412 1128 1458 dico,
1171 1413 1201 1448 si
1229 1418 1366 1447 nostrae

261 1475 416 1512 rationis
435 1473 591 1510 ductum
612 1467 871 1508 tantummodo
892 1479 1094 1518 sequamur
1111 1494 1120 1512 ,
1151 1463 1261 1500 nobis
1281 1475 1366 1514 per·

261 1526 503 1565 suadebimus
534 1526 675 1576 potius,
704 1523 882 1560 terminos
912 1517 1195 1564 intellectionis,
1239 1515 1273 1551 St
1303 1527 1365 1553 vo-

259 1580 403 1618 litionis
423 1580 564 1617 divinae
583 1607 593 1625 ,
624 1586 703 1614 utut
733 1574 1024 1627 perfectissimos
1041 1601 1051 1619 ,
1082 1571 1131 1608 ab
1151 1571 1232 1621 ipso
1262 1570 1366 1620 prin-

257 1634 364 1684 cipio
393 1631 648 1683 intelligente,
696 1629 730 1665 δι
761 1629 906 1664 volente
949 1624 1099 1663 realiter
1128 1636 1198 1661 non
1235 1622 1367 1659 distin-

259 1688 354 1737 gui3
401 1699 489 1722 cum
520 1685 742 1730 videamus,
787 1682 902 1718 etiam
932 1688 1098 1716 nostrum
1137 1675 1368 1713 intellectum

259 1742 426 1788 seipsum
459 1736 694 1785 intelligere,
741 1734 774 1768 &
805 1732 1034 1769 voluntatem
1066 1731 1226 1779 seipsam
1263 1742 1367 1764 ama-

265 1804 328 1837 re,
376 1791 469 1840 quin
498 1799 620 1825 tamen
650 1785 782 1823 exinde
811 1785 887 1820 duo
916 1781 1203 1826 substantiales,
1247 1780 1280 1814 ἃ
1310 1780 1367 1815 di-

263 1845 390 1881 stincti
412 1841 562 1878 termini
590 1846 793 1889 exurgant:
823 1835 954 1872 eodem
975 1836 1089 1884 igitur
1117 1833 1227 1869 modo
1258 1830 1367 1868 nobis

265 1897 455 1934 videretur
485 1893 586 1930 Deus
616 1890 833 1941 intelligere,
863 1887 898 1924 ὃς
927 1886 1038 1933 velle,
1069 1885 1161 1937 quin
1190 1884 1367 1921 terminos

268 1964 292 1986 a
318 1964 357 1986 se
386 1948 598 1991 distinctos,
629 1943 661 1978 δε
681 1944 914 1980 subsistentes
943 1939 1189 1990 produceret,
1219 1950 1263 1974 ex
1293 1949 1368 1987 quo

266 2002 457 2053 supposita
486 1998 560 2035 fide
581 1997 779 2033 Trinitatis
807 1994 973 2039 scimus,
1004 1990 1152 2028 Filium
1182 1989 1368 2039 intellige-

268 2068 329 2101 re,
372 2054 466 2104 quin
495 2060 618 2087 tamen
648 2047 768 2084 alium
799 2046 944 2082 Filium
972 2051 1146 2094 generet,
1185 2041 1217 2076 ὃς
1245 2042 1367 2093 Spiri-

266 2116 347 2144 tum
377 2114 547 2142 sanctum
577 2099 813 2150 intelligere,
844 2096 877 2132 8(
907 2094 1029 2142 velle,
1059 2095 1152 2146 quin
1174 2102 1299 2132 tamen
1329 2109 1367 2131 a-

265 2159 330 2196 liae
361 2159 446 2194 duae
476 2156 660 2193 distinctae
690 2152 862 2189 Personae
892 2148 1080 2186 resultent.
1119 2147 1233 2198 idque
1264 2147 1370 2184 nobis

267 2212 387 2262 magis
415 2208 726 2263 persuaderetur,
775 2211 912 2242 attenta
953 2201 1100 2239 infinita
1127 2199 1370 2250 simplicitate

265 2265 368 2311 Dei,
411 2277 496 2316 quae
527 2274 680 2298 omnem
710 2270 940 2304 numeru-tn,
989 2254 1022 2289 8<
1058 2254 1370 2304 compositionem

266 2317 459 2356 excludit.
489 2315 570 2353 Nisi
600 2315 724 2364 itaque
753 2308 932 2348 revelatio
949 2320 1017 2345 nos
1047 2305 1272 2353 illustraret,
1302 2305 1370 2343 tal-

270 2385 407 2424 parum
437 2367 579 2407 similes
608 2365 851 2404 nihileorum
880 2363 1007 2400 videre
1037 2373 1252 2412 possemus,
1282 2373 1368 2411 quae

270 2427 309 2462 in
340 2424 420 2461 Deo
448 2435 492 2460 ex
519 2421 717 2472 suiipsius
746 2415 1021 2468 intelligentia,
1050 2413 1085 2449 δι
1104 2412 1293 2453 voluntate
1314 2426 1370 2450 re-

265 2476 431 2515 sultant.

327 2531 393 2575 45.
422 2529 496 2566 Ob.
528 2528 566 2566 5.
597 2526 752 2564 Ratione
772 2521 933 2562 naturali
951 2520 1216 2572 concipimus,
1246 2519 1371 2557 Deum

272 2597 349 2620 esse
378 2582 520 2620 infinite
546 2581 690 2618 bouum
709 2609 718 2626 ,
748 2587 860 2628 atque
880 2575 1063 2619 beatum3
1092 2573 1196 2625 atqui
1225 2572 1372 2609 infinite

273 2635 396 2673 bonus
424 2649 495 2672 non
523 2642 640 2681 esset,
670 2633 739 2670 nisi
769 2632 934 2682 seipsum
964 2640 1137 2674 summe,
1167 2625 1200 2660 ὃς
1230 2625 1373 2662 infinite

275 2690 593 2734 communicaret,
641 2684 785 2723 scilicet
825 2681 1067 2734 producendo
1095 2678 1272 2716 Personas
1300 2678 1373 2715 sibi

276 2742 439 2793 perfecte
468 2739 630 2787 similes,
676 2739 768 2790 quia
795 2735 902 2773 nulla
944 2747 1020 2771 esse
1050 2740 1166 2784 potest
1207 2731 1374 2782 perfecta

275 2794 350 2832 Dei
380 2793 671 2832 communicatio
700 2799 837 2842 praeter
864 2802 947 2825 eam
967 2817 977 2835 ,
1006 2800 1081 2837 qua
1103 2784 1208 2822 Pater
1229 2782 1373 2821 Filium

277 2855 452 2898 generat,
481 2846 516 2881 8(
544 2844 649 2882 Pater
677 2842 821 2889 simul,
863 2841 896 2878 8<
927 2839 1049 2877 Filius
1079 2838 1263 2888 Spiritum
1293 2850 1373 2874 san-

277 2910 378 2937 ctum
410 2900 644 2951 producunt.
693 2896 770 2934 Nec
800 2897 951 2946 insuper
979 2900 1070 2930 esset
1098 2891 1200 2928 Deus
1230 2888 1375 2926 infinite

278 2952 434 2999 beatus,
463 2954 493 2989 si
523 2950 732 3003 aequalium
760 2948 1008 2986 Personarum
1040 2945 1243 2990 consortio,
1274 2941 1307 2977 δε
1335 2956 1376 2979 a·

280 3007 424 3042 micitia
453 3014 616 3043 careret:
645 3016 730 3053 ergo
760 3002 828 3038 ἃς.

336 3057 399 3101 44.
429 3057 539 3107 Ηεερ.
569 3057 653 3094 dist.
683 3057 805 3099 min.;
853 3053 965 3104 idque
995 3049 1103 3087 nobis
1132 3048 1209 3086 sola
1238 3049 1377 3086 ratione

283 3110 505 3156 innotescit,
535 3123 665 3161 nego,·
696 3107 865 3146 adhibito
885 3107 1027 3144 diviuae
1058 3102 1294 3142 revelationis
1321 3100 1380 3138 lu-

329 3272 375 3306 (α)
406 3267 514 3300 Guill.
540 3266 656 3300 Estius
694 3269 728 3299 in
763 3269 823 3301 lib.
844 3269 905 3301 ῘΙῘ.
946 3268 1102 3300 Sentent.
1140 3263 1294 3297 distinct.
1317 3259 1375 3294 HI.

283 3317 368 3364 §.q
398 3318 429 3346 &
458 3326 508 3345 ιο.
544 3325 584 3345 ex
613 3313 745 3345 Sanctis
774 3315 929 3345 l'atrilms
965 3314 1079 3356 plures
1115 3307 1314 3354 hujusmodi
1342 3308 1375 3339 S.

290 3361 475 3394 'l'rinitatis
494 3359 683 3403 imagines,
709 3361 739 3390 δι
765 3360 909 3401 vestigia
935 3358 1030 3397 affert
1047 3379 1057 3397 ,
1084 3358 1152 3391 imo
1177 3356 1266 3388 inter
1291 3355 1377 3388 ima·

1425 247 1556 293 mine,
1604 254 1714 281 conc.
1756 238 1805 277 Et
1832 237 1987 290 quidem
2029 242 2215 288 quantum
2244 233 2291 273 ad
2319 231 2528 272 bonitatem

1425 300 1608 352 pertinet,
1638 296 1779 333 ratione
1807 289 1973 331 naturali
2002 298 2148 326 tantum
2177 289 2437 339 cognoscimus
2464 286 2533 324 bo-

1428 365 1521 389 num
1569 349 1761 387 infinitum
1800 359 1840 383 se
1868 345 1923 381 ita.
1961 341 2098 379 debere
2132 341 2445 387 communicare,
2492 345 2535 375 ut

1429 415 1628 455 nunquam
1656 399 1932 442 exhauriatur-3
1978 406 2053 431 non
2081 400 2206 430 autem
2235 400 2275 429 ut
2302 392 2418 430 aliam
2447 403 2533 444 per-

1427 470 1556 494 sonam
1587 455 1661 492 sibi
1689 451 1856 490 similem
1886 447 2067 501 producat
2084 470 2094 481 .
2123 445 2204 481 lino
2232 456 2320 481 cum
2349 447 2444 483 ratio
2464 458 2530 482 na-

1427 508 1560 547 turalis
1589 520 1661 544 non
1691 505 1877 555 intelligat
1895 532 1906 550 ,
1934 498 2124 553 quomodo
2152 495 2281 548 plures
2300 495 2470 535 Personae
2492 510 2535 534 u-

1429 576 1516 599 nam
1533 591 1543 607 ,
1571 559 1820 609 eamdemque
1849 566 2008 594 numero
2036 558 2212 589 naturam
2241 547 2405 586 habeant
2426 577 2437 595 ,
2464 562 2535 586 nec

1428 613 1635 664 intelligere
1665 620 1809 663 potest,
1846 605 2068 662 possibilem
2097 616 2173 640 esse
2203 601 2299 639 lianc
2327 601 2536 653 perfectam

1391 669 1393 671 ’
1427 666 1838 709 communicatione-m,
1869 675 1945 714 qua
1974 659 2077 695 Deus
2105 655 2198 693 alias
2227 666 2424 707 personas,
2461 652 2538 690 sibi

1429 722 1585 756 omnino
1600 716 1768 770 aequales
1784 746 1795 763 ,
1825 715 1860 750 8(
1878 711 2021 752 similes
2036 709 2241 762 producat,
2271 706 2305 742 &
2325 720 2412 758 quae
2432 718 2537 743 eam-

1429 773 1515 809 dem
1546 783 1704 809 numero
1732 769 1924 815 habeant,
1955 779 2028 803 non
2057 771 2182 800 autem
2210 761 2428 807 diversam,
2477 756 2539 796 vel

1428 826 1647 863 distinctam
1675 823 1873 861 essentiam
1891 846 1902 858 .
1933 818 2065 865 Addo,
2095 815 2166 852 hoc
2195 813 2418 859 ratiocinio,
2447 811 2478 848 si
2499 825 2539 848 a-

1429 877 1553 930 liquid
1584 877 1750 923 valeret,
1779 872 2040 927 pluralitatem
2069 867 2225 921 quidem
2253 865 2502 903 Personarum
2522 891 2538 911 ‚

1429 944 1505 969 non
1535 940 1661 968 autem
1691 929 1916 966 Trinitatem
1945 924 2128 978 probari.

1484 984 1550 1030 45.
1579 984 1637 1022 Ad
1657 982 1820 1021 alterum
1848 981 1953 1026 dien,
1984 974 2146 1015 naturali
2165 971 2313 1010 lumine
2341 968 2449 1009 nobis
2465 981 2540 1007 non

1431 1038 1663 1075 innotescere
1681 1065 1690 1083 ,
1720 1047 1911 1073 summani
1941 1032 2014 1069 Dei
2043 1028 2265 1067 felicitatem
2294 1025 2335 1062 in
2364 1023 2538 1075 plurium

1431 1090 1679 1128 Personarum
1708 1087 1896 1126 consortio
1924 1085 2034 1122 sitam
2063 1095 2138 1120 esse
2155 1105 2166 1117 .
2212 1077 2384 1116 Ulterius
2413 1076 2451 1114 id
2479 1075 2540 1112 ni-

1434 1143 1488 1181 hil
1520 1142 1605 1195 plus
1622 1173 1632 1191 ,
1662 1155 1778 1194 quam
1798 1139 2048 1177 Personarum
2075 1133 2246 1186 aliquem
2275 1141 2480 1168 numerum
2499 1141 2538 1166 e—

1433 1198 1625 1243 vinceret,
1655 1208 1726 1232 non
1755 1202 1881 1232 autem
1911 1190 2164 1228 Trinitatem.

1487 1249 1553 1294 46.
1583 1249 1658 1285 Ob.
1688 1247 1727 1293 4.
1756 1247 1799 1283 In
1838 1243 2019 1282 creaturis
2060 1238 2175 1292 plura
2216 1245 2301 1275 sunt
2342 1232 2541 1273 Trinitatis

1431 1302 1576 1340 divinae
1597 1301 1752 1350 vestigia
1768 1328 1779 1346 ,
1807 1296 2074 1335 delineationes
2090 1322 2101 1339 ,
2131 1305 2174 1329 ac
2194 1289 2311 1329 veluti
2332 1289 2541 1338 imagines,

1433 1369 1528 1406 quas
1557 1353 1596 1390 S.
1626 1352 1751 1389 Patres
1779 1362 1881 1401 saepe
1901 1347 2090 1387 afferunt.
2119 1343 2245 1379 Homo
2272 1353 2331 1377 ex.
2360 1353 2416 1390 gr.
2444 1340 2542 1377 dici-

1434 1416 1494 1444 tur
1524 1405 1722 1444 Trinitatis
1750 1405 1877 1453 imago
1894 1431 1904 1450 ,
1935 1407 2088 1452 propter
2116 1393 2351 1433 intellectum
2368 1420 2379 1439 ,
2408 1391 2541 1429 volun-

1434 1469 1570 1507 tatem,
1619 1458 1652 1494 ἃ
1681 1457 1905 1496 memoriam
1924 1484 1935 1503 ,
1981 1465 2070 1505 quae
2099 1448 2276 1502 potentiae
2317 1452 2401 1482 sunt
2429 1443 2545 1480 unius

1434 1513 1682 1564 ejusdemque
1711 1511 1879 1557 animae,
1908 1508 2003 1545 inter
2031 1519 2068 1543 se
2097 1513 2222 1541 tamen
2251 1499 2457 1542 distinctae3
2486 1503 2540 1533 at-

1433 1568 1501 1618 qui
1532 1565 1644 1603 facile
1673 1573 1725 1602 est
1767 1576 1811 1600 ex
1841 1561 2030 1612 vestigiis,
2078 1557 2112 1593 8<
2141 1551 2373 1604 imaginibus
2414 1550 2453 1587 in
2482 1561 2544 1587 coe»

1434 1620 1640 1671 gnitionem
1669 1616 1863 1670 prototypi
1889 1614 2086 1652 devenire:
2116 1621 2204 1659 ergo
2235 1606 2298 1657 (a)
2315 1631 2327 1642 .

1489 1672 1555 1722 47.
1587 1672 1698 1723 Resp.
1728 1670 1811 1708 haec
1831 1669 1962 1706 omnia
1982 1665 2162 1715 vestigia,
2192 1656 2478 1703 delineationes,
2508 1651 2542 1689 δι

1435 1727 1619 1774 imagines
1640 1723 1835 1761 Trinitatis
1863 1722 2007 1758 divinae
2027 1718 2136 1756 nobis
2151 1711 2307 1765 aliquod
2322 1709 2546 1762 praesidium

1433 1777 1568 1814 afferre
1597 1776 1645 1812 ad
1664 1774 1849 1824 majorem
1879 1774 2000 1824 ipsius
2022 1768 2309 1817 intelligentiam
2327 1792 2338 1810 ,
2368 1761 2541 1812 supposi-

1435 1838 1471 1866 ta
1499 1827 1668 1878 ejusdem
1698 1825 1922 1872 existentia,
1959 1835 2046 1874 quae
2076 1819 2220 1858 nonnisi
2251 1829 2316 1867 per
2345 1814 2544 1851 revelatio-

1434 1895 1524 1919 nem
1552 1880 1810 1931 cognoscitur3
1839 1890 1910 1914 nou
1937 1884 2064 1914 autem
2081 1872 2189 1924 quasi
2217 1870 2324 1907 exiis
2351 1866 2440 1904 solis
2456 1865 2543 1903 Tri-

1435 1935 1587 1971 nitatem
1618 1933 1791 1970 divinam
1821 1931 2000 1974 existere,
2029 1925 2206 1974 colligere
2227 1921 2436 1972 possimus.
2465 1917 2543 1955 Ad-

1435 1987 1509 2033 do,
1554 1986 1736 2036 imagines
1764 1992 2025 2034 quascumque
2055 1976 2249 2014 Trinitatis
2278 1974 2372 2011 adeo
2400 1970 2510 2008 rudes
2530 2000 2542 2018 ,

1435 2048 1545 2089 atque
1575 2036 1815 2088 imperfectas
1844 2047 1946 2081 esse,
1984 2040 2023 2068 ut
2051 2029 2202 2067 nonnisi
2230 2027 2351 2065 abusu
2381 2025 2543 2061 nominis

1434 2091 1620 2142 imagines
1649 2089 1725 2127 dici
1753 2095 1918 2140 queant.
1965 2082 2056 2122 Vid.
2099 2082 2140 2120 S.
2170 2080 2339 2118 Thomas
2368 2079 2397 2116 Ι.
2427 2076 2469 2115 P.
2499 2091 2539 2128 q.

1434 2143 1501 2189 45.
1532 2153 1600 2181 art.
1624 2158 1661 2194 7.

1491 2195 1555 2242 48.
1590 2198 1625 2235 5.
1656 2196 1826 2244 Quidam
1846 2195 1978 2246 'reipsa
2017 2192 2159 2230 divinae
2189 2187 2385 2226 Trinitatis
2414 2184 2542 2235 cogni-

1437 2250 1577 2287 tionem
1606 2248 1685 2287 solo
1713 2247 1878 2287 naturali
1907 2247 2052 2284 lumine
2081 2243 2270 2282 consecuti
2299 2247 2383 2278 sunt
2400 2264 2411 2276 .
2440 2237 2543 2275 Nam

1437 2304 1563 2354 primo
1591 2303 1628 2341 in
1657 2303 1759 2341 Actis
1787 2302 1827 2340 S.
1855 2299 2025 2338 Caeciliae
2043 2329 2054 2347 ,
2083 2295 2185 2349 apud
2212 2293 2370 2331 Surium
2398 2291 2459 2328 die
2481 2302 2546 2327 21.

1437 2356 1692 2403 Novembris,
1722 2356 1906 2401 refertur,
1936 2352 2160 2390 Tiburtium
2182 2349 2253 2401 ipsi
2283 2346 2419 2398 gratias
2447 2343 2543 2395 egis-

1440 2423 1478 2447 se
1496 2439 1506 2457 ,
1535 2409 1636 2461 quod
1666 2413 1740 2446 cito
1768 2420 1892 2445 unum
1920 2406 2053 2444 Deum
2083 2417 2168 2441 esse
2196 2407 2237 2439 m
2264 2398 2384 2437 tribus
2411 2408 2543 2447 perso-

1438 2466 1500 2499 nis
1528 2475 1596 2511 per
1625 2466 1801 2505 rationes
1829 2468 1966 2511 aperte
1994 2456 2222 2508 probasset.
2250 2451 2425 2492 Secundo
2454 2448 2542 2501 plu-

1440 2515 1546 2554 ribus
1575 2514 1810 2566 philosophis
1851 2528 1934 2551 eam
1977 2513 2090 2550 fuisse
2119 2510 2308 2561 cognitam
2347 2503 2544 2542 manifeste

1441 2569 1592 2606 tradunt
1621 2568 1660 2606 S.
1690 2569 1859 2606 Justinus
1888 2568 1926 2604 in
1956 2565 2148 2616 Apologia.
2183 2559 2359 2600 secunda
2389 2572 2426 2595 n.
2452 2569 2546 2601 10.7,

1440 2621 1613 2659 Clemens
1645 2620 1850 2659 Alexandr.
1880 2619 1969 2658 Lib.
1990 2618 2040 2656 V.
2071 2617 2350 2660 Stromatum,
2400 2610 2432 2646 &
2459 2607 2547 2644 Ori-

1438 2687 1550 2724 genes
1578 2674 1668 2712 Lib.
1689 2675 1719 2712 I.
1749 2674 1796 2712 de
1825 2676 2024 2724 principiis
2055 2687 2088 2710 c.
2111 2671 2149 2710 5.
2180 2668 2311 2706 Tertio
2330 2661 2547 2704 Mercurius

1443 2727 1708 2779 ‘I'rismegistus
1738 2727 1961 2780 AEgyptius,
2011 2727 2080 2778 qui
2109 2723 2269 2775 scriptor
2296 2718 2433 2756 dicitur
2463 2714 2546 2764 ipso

1441 2778 1576 2831 Moyse
1619 2782 1831 2832 antiquior,
1878 2794 1952 2817 non
1993 2780 2194 2817 obscuram
2230 2773 2319 2811 facit
2347 2767 2546 2806 Trinitatis

1441 2834 1672 2870 mentionem
1701 2836 1740 2871 in
1770 2833 1876 2871 Dial.
1897 2832 1964 2870 IV.
1994 2831 2190 2882 inquiens:
2234 2824 2386 2861 Montis
2414 2822 2548 2871 genuit

1442 2884 1694 2934 monadem,
1724 2888 1772 2926 Θ
1803 2890 1843 2922 in
1872 2899 1914 2923 se
1943 2898 2056 2922 suum
2072 2876 2456 2932 reflexitardorem.
2484 2873 2545 2910 Si-

1444 2937 1554 2975 milia
1583 2938 1696 2976 habet
1726 2941 1764 2976 in
1796 2940 1919 2977 Serm.
1949 2937 1997 2975 ad
2029 2931 2318 2984 Asclepiadem,
2366 2928 2548 2965 referente

1444 2989 1485 3027 S.
1513 2991 1661 3042 Cyrillo
1692 2991 1945 3029 Alexandrino
1987 2989 2025 3025 in
2057 2985 2171 3024 Libro
2200 2985 2229 3021 l.
2274 2990 2402 3020 contra
2429 2978 2550 3017 Julia-

1445 3056 1534 3079 num
1558 3043 1612 3093 (b)
1632 3070 1642 3080 .
1672 3045 1817 3090 Quarto
1837 3042 2027 3079 Zoroaster
2057 3038 2328 3076 vetustissimus
2348 3033 2547 3071 Persarum

1446 3094 1694 3149 Philosophus
1724 3099 1763 3134 in
1793 3097 1870 3134 suis
1892 3093 2075 3132 Oraculz's
2105 3093 2273 3143 zngz'cis
2302 3087 2386 3126 haec
2416 3084 2547 3124 habet:

2444 3137 2493 3176 In

1444 3260 1583 3304 gisseni,
1611 3260 1643 3289 &
1668 3256 1854 3300 vestigium
1879 3254 2064 3287 discrimen
2091 3253 2186 3298 ponit
2212 3249 2312 3285 valde
2338 3245 2484 3282 subtile..

1491 3306 1535 3343 (l.)
1568 3304 1678 3336 Multa
1704 3302 1899 3335 testimonia
1926 3313 1986 3345 pro
2012 3301 2187 3332 Trinitate
2213 3296 2349 3339 collegit
2375 3290 2545 3325 Stessclu'ts

1445 3349 1649 3395 Eugubinus
1677 3349 1712 3382 in
1738 3349 1814 3381 Lib.
1837 3350 1860 3380 l.
1887 3349 1929 3381 <le
1952 3351 2092 3391 perenni
2118 3343 2365 3388 Philosophia.
2392 3338 2545 3371 Trisine-
