2577 3633
302 213 381 257 160

237 294 505 343 mnipotentem
548 299 653 339 posse
690 286 739 324 ab
787 282 916 335 aliqua
953 290 1104 319 externa
1144 282 1183 319 vi
1212 281 1332 333 cogi?

237 346 310 383 Sed
339 343 549 381 libertatem
579 340 728 377 arbitrii
774 337 886 375 multi
914 335 996 372 Deo
1038 336 1184 386 eripere
1211 336 1332 372 conati

239 404 324 434 sunt
342 421 352 433 .
380 395 428 432 Et
458 395 584 446 primo
614 391 770 444 quidem
800 388 920 439 aliqui
950 386 1195 439 Philosophi,
1242 401 1333 439 quos

238 456 422 487 memorat
439 448 481 485 S.
503 445 671 483 Thomas
692 442 843 481 Lib.11.
868 439 981 478 Cone.
999 439 1115 477 Gent.
1136 454 1219 491 cap.
1243 441 1305 478 25.
1323 454 1333 485 ;

236 515 374 552 nempe
403 502 432 538 ii
454 511 617 545 ornnes,
656 498 693 534 ni
721 493 861 541 fallor,
898 494 965 545 qui
1002 493 1187 530 mnndum
1217 494 1332 530 fuisse

239 554 287 593 ab
317 563 457 592 aeterno
487 553 568 590 ideo
596 547 830 593 statuebant,
859 548 949 597 quia
970 558 1015 582 ex
1034 547 1250 584 necessitate
1267 560 1333 584 na-

235 617 332 645 turae
362 620 439 645 sure
470 605 582 642 illum
611 600 829 653 produxisse
858 598 1058 650 putabant.

286 661 382 699 205.
413 659 522 695 Hunc
560 663 690 692 *autem
733 660 903 690 veterum
932 651 1245 702 Philosophorum
1276 664 1333 687 er-

237 725 362 751 rorem
392 711 490 749 Saec.
524 708 612 746 XII.
642 706 833 745 suscitavit
874 704 1333 744 celebris'l'etrusAbae-

236 766 391 810 lardus,
438 774 602 800 asserens
632 771 768 811 nempe
796 757 921 795 Deum
959 759 1177 795 necessitate
1221 758 1332 793 tuisse

237 816 480 868 compulsum
507 815 557 852 ad
586 812 772 850 mundum
806 810 1012 848 creandum
1031 840 1041 858 ,
1083 812 1175 861 quia
1204 808 1305 847 Deus
1322 838 1332 855 ,

234 879 360 922 utpote
388 881 535 906 summe
560 866 709 912 -bonus,
736 864 888 901 nonnisi
917 864 953 900 id
976 893 986 910 ,
1027 864 1128 915 quod
1158 871 1208 899 est
1236 863 1333 911 opti-

233 936 366 970 mum,
398 923 519 959 facere
548 927 684 971 potest.
714 916 864 966 Magnis
893 924 1017 953 tamen
1047 914 1335 952 difficultatibus

236 989 382 1028 pressus
408 988 449 1012 se
479 974 518 1012 id
546 977 633 1011 sine
660 971 795 1021 aliqua.
814 967 1085 1006 obstinationis
1115 970 1331 1006 assertione

236 1029 406 1082 proferre
444 1025 745 1068 contestabatur3
792 1036 834 1059 ac
863 1022 1017 1059 demum
1046 1022 1087 1058 S.
1117 1020 1329 1067 Ber-narde,

233 1082 396 1134 aliisque
429 1079 611 1130 majorem
633 1079 671 1115 in
701 1075 856 1113 modum
877 1075 1078 1125 exagitatus
1099 1073 1331 1125 palinodiam

235 1149 396 1181 canens,
439 1132 539 1171 hunc
568 1132 680 1170 etiam
711 1129 806 1166 inter
836 1126 928 1166 alios
956 1140 1039 1165 suos
1080 1139 1221 1164 errores
1249 1124 1331 1175 eju-

234 1188 333 1226 ravit
361 1185 425 1238 (a)
443 1211 453 1223 .

293 1239 381 1278 206.
414 1239 487 1276 Dei
528 1237 681 1276 libertas
724 1235 859 1273 iterum
896 1241 1031 1283 negata
1078 1234 1149 1270 fnit
1191 1233 1330 1272 saeculo

233 1292 344 1330 XIV.
373 1292 421 1329 ab
452 1293 571 1341 impio
598 1290 655 1327 Jo.
675 1287 847 1325 Wiclefo
877 1285 996 1336 Anglo
1024 1284 1080 1337 (b)
1104 1300 1113 1329 3
1149 1295 1228 1323 tum
1263 1300 1329 1338 po·-

232 1355 308 1383 stea
336 1345 434 1382 Saec.
455 1344 562 1380 XVI.
591 1357 612 1380 a
641 1339 831 1386 Luthero,
862 1338 1030 1385 Bucero,
1058 1337 1219 1376 Calvino
1253 1342 1328 1389 (a—

232 1398 311 1448 pud
341 1395 617 1433 Bellarminum
647 1392 735 1430 Lib.
755 1392 802 1428 ΙΙ.
832 1389 880 1426 de
905 1394 1041 1440 gratia.
1069 1391 1118 1429 ζῇ*
1146 1389 1208 1427 lib.
1237 1390 1325 1427 arb.

233 1463 317 1500 cap.
343 1449 402 1485 15.
433 1450 474 1497 );
514 1461 559 1484 ac
600 1446 754 1482 deinum
796 1441 936 1480 saeculo
981 1441 1109 1492 elapso
1137 1458 1158 1479 a
1189 1444 1324 1480 Bened.

232 1501 395 1553 Spinoza
426 1503 440 1551 (
470 1501 499 1537 I.
520 1498 561 1536 Ρ.
590 1496 747 1534 Ethc'cae
787 1507 897 1547 prop.
926 1494 988 1531 53.
1020 1493 1063 1541 );
1105 1509 1323 1547 quanquam

234 1554 297 1592 hic
345 1554 496 1591 sortasse
524 1552 679 1598 Deum,
724 1550 873 1589 nonnisi
915 1548 1066 1585 nomine
1107 1556 1213 1585 tenus
1259 1548 1325 1586 ad-

232 1606 430 1646 mittebat.

292 1674 382 1711 207.
409 1659 527 1697 Porro
550 1654 705 1710 ’quando
725 1656 846 1707 agitur
864 1654 909 1692 de
930 1651 1002 1692 Dei
1023 1652 1194 1692 libertate
1211 1683 1220 1701 ,
1249 1667 1325 1692 ser-

236 1726 298 1751 mo
326 1726 401 1750 non
430 1720 481 1750 est
509 1712 554 1748 de
596 1708 806 1748 actionibus
834 1706 889 1744 ad
929 1710 1036 1743 intra
1054 1736 1063 1753 ,
1105 1720 1242 1756 nempe
1279 1708 1325 1743 de

237 1767 295 1803 sui
324 1766 441 1815 ipsius
469 1764 702 1813 cognitione,
744 1773 789 1795 ex
817 1773 893 1809 qua
921 1759 1085 1807 gignitur
1116 1758 1266 1804 Filius,
1296 1758 1329 1792 8<

238 1818 284 1855 de
313 1829 440 1854 amore
458 1843 468 1862 ,
497 1827 572 1865 quo
600 1814 763 1865 Spiritus
790 1818 939 1847 sanetus
967 1809 1160 1859 procedit5
1190 1809 1332 1846 nemini

241 1870 342 1906 enim
372 1867 489 1905 dubio
517 1875 591 1913 est,
639 1865 797 1902 actiones
834 1862 918 1899 istas
959 1874 1036 1897 esse
1077 1862 1332 1899 necessarias.

239 1922 314 1960 Sed
342 1921 501 1972 quaestio
528 1927 579 1955 est
621 1916 743 1955 solum
772 1916 816 1952 de
858 1913 1070 1952 actionibus
1106 1913 1161 1950 ad
1189 1922 1333 1958 extrem

240 1973 458 2024 cujusmodi
486 1980 568 2009 sunt
596 1969 710 2021 hujus
739 1968 871 2006 mundi
901 1968 1040 2004 creatio
1061 1996 1071 2014 ,
1113 1967 1333 2018 dispositio,

237 2027 460 2080 gubernatio
488 2023 557 2062 Sec.

297 2079 386 2117 208.
416 2078 500 2115 Jam
530 2088 619 2114 vero
647 2088 720 2112 esse
749 2075 787 2110 in
816 2072 874 2110 his
906 2070 1116 2110 actionibus
1144 2085 1335 2109 summam

242 2134 281 2170 in
311 2132 391 2169 Deo
420 2129 632 2166 libertatem
661 2126 769 2179 prob.
800 2127 925 2177 primo
953 2137 997 2160 ex
1027 2125 1140 2161 sacris
1169 2123 1301 2162 litteris
1323 2151 1333 2162 .

242 2185 300 2223 ΡΞ.
334 2180 552 2222 CXXXIV.
582 2180 619 2218 6.
661 2180 827 2226 dicitur,
869 2180 1035 2224 omnia,
1083 2189 1335 2229 quoecumque

248 2238 389 2283 voluit,
420 2235 618 2272 Dominus
633 2232 738 2284 fecit
767 2235 808 2268 in
836 2230 955 2278 coelo,
983 2230 1032 2269 (θ’
1062 2233 1102 2266 in
1130 2238 1266 2277 terra,
1295 2234 1336 2267 in

243 2293 352 2327 mari
379 2290 426 2328 <9-
454 2292 496 2324 in
527 2286 704 2324 omnibus
732 2284 917 2335 abyssis.
960 2282 999 2320 S.
1028 2281 1166 2320 Paulus
1193 2282 1334 2333 Ephes.

241 2345 272 2382 1.
305 2356 365 2380 ιι.
394 2342 439 2379 de
467 2340 549 2378 Deo
594 2339 739 2391 inquit:
786 2341 850 2388 qui
885 2344 1070 2387 operatur
1111 2339 1248 2372 omnm
1277 2350 1336 2373 se-

241 2395 412 2434 cundum
439 2393 645 2431 consilium
674 2392 881 2429 voluntatis
908 2402 992 2427 suae
1009 2414 1019 2426 .
1063 2388 1109 2425 Et
1138 2397 1177 2425 ut
1204 2388 1334 2427 infini-

242 2458 279 2488 ta
307 2447 384 2486 alia
412 2445 494 2485 loca
522 2447 695 2484 omittam
717 2475 727 2492 ,
763 2458 795 2482 1.
824 2442 993 2481 Corinth.
1020 2440 1107 2479 XII.
1143 2455 1201 2478 Η.
1231 2440 1333 2480 Hoec

243 2505 385 2540 omnia
406 2530 416 2548 ,
453 2500 574 2551 inquit
602 2499 704 2536 idem
733 2497 773 2535 S.
803 2495 961 2542 Paulus,
996 2503 1182 2546 operatur
1209 2508 1334 2543 imus,

195 2580 197 2582 -
246 2564 364 2605 atque
408 2552 515 2590 idem
555 2551 741 2602 Spiritus,
783 2549 957 2586 dividens
995 2548 1179 2599 singulis,
1227 2558 1337 2598 prout

247 2608 349 2645 cult.
397 2606 491 2643 Haec
520 2615 644 2643 autem
675 2602 841 2654 Apostoli
885 2601 998 2639 verba
1027 2603 1077 2638 ita
1105 2600 1270 2651 explicat
1297 2601 1337 2640 S.

250 2659 470 2696 Ambrosius
502 2657 588 2696 Lib.
610 2659 657 2695 Π.
695 2656 743 2693 cle
758 2655 850 2708 fide
869 2669 954 2706 cap.
979 2654 1023 2692 5.
1042 2661 1151 2705 prout
1179 2654 1253 2690 vult
1270 2683 1281 2701 ,
1311 2658 1339 2691 i-

250 2711 334 2749 dest
368 2724 436 2760 pro
464 2710 577 2747 libero
605 2711 813 2748 voluntatis
838 2707 1027 2755 arbitrio,
1068 2719 1148 2744 non
1176 2719 1244 2757 pro
1272 2720 1340 2744 ne-

248 2767 444 2802 cessitatis
471 2762 645 2813 obsequio
674 2763 730 2813 (c)
755 2788 765 2800 .

305 2829 393 2868 209.
422 2815 533 2853 Proh.
561 2817 722 2852 secundo
751 2813 957 2864 multiplici
985 2813 1151 2850 ratione.
1180 2811 1308 2849 Primo
1328 2838 1341 2850 .

251 2870 421 2910 Libertas
447 2877 499 2906 est
527 2869 709 2920 perfectio
735 2881 832 2920 pura
851 2897 863 2916 ,
902 2879 967 2905 seu
993 2866 1220 2917 simpliciter
1245 2868 1341 2903 eim·

303 3033 350 3067 (a)
374 3026 492 3062 Petrus
518 3026 720 3063 Ahaelardus
761 3027 854 3062 hunc
889 3036 1041 3061 errorem
1080 3025 1182 3062 habet
1221 3026 1255 3061 in
1280 3038 1342 3061 sua

257 3072 443 3117 Theologia
467 3075 692 3115 Christiana,
728 3087 802 3119 quae
828 3083 923 3108 extat
952 3075 1051 3107 Tom.
1071 3076 1114 3108 V.
1140 3075 1230 3107 Ieri
1256 3072 1344 3106 The-

259 3123 351 3151 sauri
391 3128 458 3152 ant.
495 3120 556 3152 PP.
590 3122 777 3161 martene,
815 3124 847 3152 δε
882 3120 1025 3153 Durand
1069 3121 1132 3154 col.
1174 3121 1273 3154 1303.
1310 3122 1343 3152 ὃς

254 3176 355 3209 §equ-
390 3165 604 3198 Retracratio
639 3176 754 3199 autem
797 3166 951 3211 ejusdem
989 3165 1162 3199 Ahaelardi
1210 3173 1343 3211 prostat

258 3209 347 3254 apud
374 3210 409 3241 P.
436 3210 662 3243 Bertramtum
688 3212 818 3245 Tissier
843 3214 877 3244 in
903 3212 1069 3245 Btelzoch.
1096 3213 1246 3246 Cisterc.
1275 3212 1344 3244 '1¹0-

257 3266 315 3288 mo
332 3255 392 3288 lv.
418 3255 480 3287 sub
505 3254 569 3287 hoe
595 3257 721 3288 titulo:
749 3258 936 3300 Responsio
963 3258 1057 3291 Petri
1073 3260 1246 3292 Abaelardz·
1266 3270 1345 3290 con—

260 3310 312 3333 tra
337 3303 520 3334 calumnias
544 3301 764 3345 objectorum.
789 3304 975 3346 Synopsii'n
1000 3306 1079 3336 vitae
1092 3303 1267 3337 Ahaelardi
1285 3314 1346 3336 ex-

255 3346 352 3379 hibet
376 3346 512 3378 Natalis
538 3345 731 3378 Alexander
757 3347 902 3379 Dissert.
922 3349 981 3380 Vl.
1008 3350 1041 3380 in
1068 3351 1152 3383 Saec.
1173 3351 1252 3385 ΧΗ.

307 3394 354 3431 (b)
382 3391 499 3425 Videri
525 3399 636 3435 potest
661 3390 701 3425 ‹le
725 3390 790 3426 hoe
815 3393 950 3427 Wiclefi
988 3405 1102 3428 errore
1134 3396 1277 3439 insignis
1301 3406 1343 3428 ex

994 202 1392 247 DISSERTATIO
1426 201 1480 247 V.
1529 200 1656 246 CAP.
1678 197 1755 243 IV.

1399 282 1490 334 plez:
1519 290 1660 319 naturae
1704 274 1987 323 intellectualis,
2028 290 2114 330 quae
2163 279 2318 331 proinde
2346 278 2430 318 Deo
2457 293 2497 319 o·

1401 336 1548 372 mnium
1579 332 1855 383 perfectionum
1885 329 1978 367 fonti
2008 331 2149 382 absque
2177 346 2326 373 summa
2354 333 2500 379 injuria

1401 387 1576 436 denegari
1621 397 1691 421 non
1735 391 1866 434 potest:
1914 382 2013 418 unde
2051 381 2310 424 Tertullianus
2339 381 2427 424 Lib.
2448 387 2498 426 Π.

1402 447 1543 477 contra
1572 436 1710 473 Μανσ.
1739 448 1825 486 cap.
1849 435 1886 472 5.
1915 435 2070 471 nullam
2113 441 2242 487 magis
2271 442 2311 474 in
2340 438 2498 478 homine

1400 495 1621 540 imaginem
1648 489 1697 529 ἴθ’
1727 486 2024 525 similitudinem
2053 487 2131 524 Dei
2159 502 2196 525 se
2226 492 2498 530 animadverte-

1402 557 1442 582 re
1471 542 1645 588 dicebat,
1675 554 1790 593 quam
1823 540 1988 577 liberum
2018 541 2251 579 arbitrium.

1455 609 1544 633 210.
1575 595 1774 632 Secundo.
1817 592 1858 631 Si
1886 593 1990 631 Deus
2019 594 2150 646 aliqua
2190 595 2406 633 necessitate
2434 595 2500 634 ad-

1400 650 1546 686 strictus
1576 649 1670 684 foret
1688 676 1697 694 ,
1728 645 1825 682 illud
1853 647 1969 683 etiam
1997 656 2285 699 consequeretur
2303 677 2313 696 ,
2341 650 2470 686 omnia
2487 678 2499 696 ,

1399 714 1488 753 quae
1518 701 1558 738 in
1589 699 1658 737 hoc
1689 700 1862 736 universo
1891 708 1998 747 sunt,
2040 713 2117 737 esse
2145 702 2354 739 necessaria
2376 731 2387 750 ,
2431 715 2499 740 nee

1400 755 1560 805 potuisse
1590 752 1696 791 aliter
1724 752 1898 799 evenire,
1941 765 1984 789 ac
2013 753 2136 804 reipsa.
2163 756 2373 791 eveniunt.
2416 754 2499 791 Hoc

1401 808 1528 844 asserit
1557 806 1712 857 quidem
1733 804 1896 855 Spinoza
1913 813 1921 840 ἰ
1951 805 2013 841 sed
2033 806 2160 843 nescio
2180 835 2190 853 ,
2220 821 2267 844 an
2287 807 2500 858 quidquam

1399 860 1475 898 dici
1505 861 1617 910 possit
1647 858 1767 908 magis
1795 871 1816 893 a
1836 859 2031 895 communi
2053 887 2064 905 ,
2094 867 2267 909 rectoque
2296 872 2402 896 sensu
2431 860 2499 897 ab·

1400 912 1580 949 horrens.
1627 911 1726 958 Quae
1756 910 1859 946 enim
1902 911 2098 948 necessitas
2128 911 2228 958 fuit,
2270 919 2311 947 ut
2340 924 2501 962 corpora.

1401 964 1564 1003 caelestia
1605 977 1664 1002 ex.
1693 978 1748 1015 gr.
1791 970 1891 1000 tanta
1927 964 2108 1012 omnino,
2148 962 2181 998 &
2209 976 2280 1001 non
2326 963 2499 1014 majore,

1399 1017 1459 1058 vel
1489 1019 1635 1055 minore
1663 1016 1852 1055 celeritate
1883 1014 2200 1054 revolverentur?
2243 1015 2294 1053 Ut
2322 1016 2434 1064 talis,
2463 1016 2500 1053 ἃ

1400 1085 1471 1109 non
1499 1070 1645 1122 major,
1687 1069 1747 1108 vel
1777 1070 1900 1106 minor
1927 1077 2017 1106 esset
2044 1077 2228 1106 astrorum
2250 1099 2261 1117 ‚
2309 1069 2501 1119 vegetabi-

1400 1124 1497 1161 lium
1515 1153 1525 1171 ,
1555 1133 1666 1175 atque
1696 1121 1896 1160 hominum
1918 1119 2146 1159 multitudo?
2175 1121 2260 1159 Uno
2288 1122 2431 1171 verbo,
2462 1131 2502 1159 ut

1400 1177 1527 1214 omnia
1558 1176 1654 1223 tali,
1697 1174 1730 1211 ἃ
1762 1187 1832 1212 non
1875 1173 1951 1212 alio
1997 1187 2182 1222 numero,
2224 1175 2412 1226 pondere,
2453 1188 2500 1214 ac

1400 1243 1577 1267 mensura
1606 1229 1887 1265 continerentur
1902 1251 1912 1263 .

1451 1296 1540 1319 211.
1571 1281 1726 1317 Tertio.
1768 1279 1913 1316 Poterat
1941 1280 2043 1316 Deus
2072 1279 2240 1332 singulas
2281 1288 2499 1329 creaturas,

1394 1336 1474 1372 imo
1502 1334 1615 1385 plane
1642 1345 1772 1369 omnes
1800 1344 1874 1367 non
1902 1333 2080 1376 condere3
2110 1347 2131 1370 a
2160 1332 2268 1370 nulla
2287 1335 2388 1371 enim
2409 1348 2500 1372 cau-

1393 1401 1432 1424 sa
1461 1387 1507 1424 ad
1536 1385 1743 1422 creandum
1773 1385 1994 1421 uuiversum
2025 1384 2204 1435 adstringi
2234 1387 2379 1436 potuit,
2410 1399 2502 1423 cum

1391 1440 1438 1476 sit
1468 1439 1547 1489 ipse
1567 1438 1692 1488 prima
1721 1449 1846 1474 rerum
1868 1437 2040 1474 omnium
2062 1451 2202 1483 causa3
2231 1451 2351 1490 neque
2372 1453 2394 1475 a
2414 1451 2503 1490 pro-

1392 1492 1476 1542 pria
1505 1490 1705 1542 indigentia
1722 1520 1732 1538 ,
1762 1503 1850 1527 cum
1871 1490 1916 1527 sit
1933 1490 2119 1527 Dominus
2137 1491 2310 1528 omnium
2324 1521 2335 1539 ,
2365 1491 2398 1527 &
2414 1490 2500 1529 nul-

1393 1545 1468 1582 lius
1497 1544 1698 1595 indigens5
1740 1556 1864 1594 neque
1892 1542 1941 1580 ab
1983 1543 2186 1594 indigentia
2228 1545 2384 1591 mundi,
2432 1546 2501 1596 qui

1393 1606 1482 1635 tunc
1513 1609 1585 1634 non
1614 1604 1719 1641 erat;
1750 1611 1770 1633 a
1800 1594 1907 1632 nulla
1926 1596 2092 1646 denique
2121 1609 2188 1643 re,
2218 1610 2307 1634 cum
2337 1596 2434 1635 nihil
2454 1599 2502 1635 sit

1393 1663 1483 1688 cum
1512 1650 1642 1687 divina
1670 1648 1861 1687 voluntate
1891 1648 2081 1686 indivulse
2110 1661 2322 1686 connexum
2340 1675 2352 1687 .
2399 1650 2500 1688 Hinc

1395 1702 1717 1753 quemadmodum
1746 1716 1768 1738 a
1796 1710 1897 1748 tota,
1929 1709 1967 1737 ut
1997 1702 2047 1738 ita
2075 1701 2201 1739 dicam
2220 1732 2230 1749 ‚
2265 1711 2362 1739 retro
2393 1711 2504 1740 aeter-

1397 1757 1509 1790 nitate
1538 1753 1639 1789 solus
1667 1754 1770 1789 Deus
1798 1755 1877 1790 sine
1906 1755 2086 1790 creaturis
2127 1754 2366 1792 beatissimus
2394 1751 2501 1804 erat,

1399 1807 1449 1843 ita
1478 1805 1656 1855 potuisset
1683 1805 1761 1841 sine
1792 1803 1870 1842 ulla
1897 1816 1975 1840 suae
2007 1804 2197 1842 felicitatis
2230 1805 2376 1856 jactura
2404 1821 2502 1845 sem-

1401 1872 1465 1910 per
1493 1856 1671 1894 omnibus
1698 1856 1879 1894 creaturis
1907 1869 2060 1894 carere:
2089 1855 2289 1896 liberrime
2308 1872 2395 1910 ergo
2415 1874 2476 1898 eas
2493 1891 2504 1909 ‚

1400 1910 1552 1963 quando
1582 1908 1728 1957 voluit,
1765 1923 1859 1962 quas
1888 1908 2033 1956 voluit,
2076 1908 2110 1945 ἃ
2139 1912 2326 1961 quomodo
2355 1912 2503 1961 voluit,

1402 1977 1445 2001 ex
1474 1962 1597 2000 nihilo
1625 1963 1809 2000 extraxit.
1857 1961 1955 1998 Cum
1985 1962 2115 2010 euim,
2146 1965 2269 2016 inquit
2298 1965 2505 2016 Angelicus

1402 2018 1431 2054 Ι.
1461 2015 1501 2053 P.
1532 2031 1569 2068 q.
1607 2028 1665 2067 ις).
1694 2016 1801 2052 artie.
1834 2014 1897 2060 52,
1930 2013 2085 2052 bonitas
2113 2014 2192 2053 Dei
2220 2021 2269 2054 sie
2296 2017 2504 2069 perfecta,

1401 2070 1450 2109 ὠ
1480 2082 1564 2107 esse
1592 2071 1709 2118 possit
1737 2070 1823 2106 sine
1852 2068 1941 2105 aliis
1958 2097 1968 2115 ,
1998 2081 2089 2105 cum
2118 2068 2213 2106 nihil
2233 2074 2268 2107 ei
2296 2070 2503 2122 perfectio-

1402 2126 1463 2158 nis
1491 2135 1543 2159 ex
1572 2123 1662 2159 altis
1690 2129 1925 2169 accrescat,
1954 2125 2124 2172 sequitur
2141 2151 2151 2169 ,
2179 2121 2281 2172 quod
2301 2124 2385 2161 alia
2414 2138 2441 2161 a
2461 2138 2505 2163 se

1402 2188 1492 2212 eum
1523 2176 1641 2223 velle,
1678 2188 1760 2212 non
1787 2178 1836 2212 sit
1864 2178 2137 2212 necessarium
2167 2174 2368 2214 absolute.
2412 2177 2505 2216 vid.

1403 2229 1516 2266 etiarn
1547 2228 1636 2267 Lib.
1666 2229 1695 2266 I.
1730 2226 1838 2265 Cone.
1871 2226 1990 2265 Gent.
2020 2241 2105 2278 cap.
2135 2227 2229 2276 81.,
2271 2228 2306 2265 &
2335 2229 2424 2267 Lib.
2453 2231 2506 2269 II.

1403 2295 1486 2332 cap.
1520 2281 1607 2328 25„
1650 2281 1718 2319 ubi
1745 2280 1840 2319 alias
1868 2281 1914 2318 ad
1944 2280 1982 2318 id
2012 2280 2314 2320 confirmandum
2344 2284 2506 2322 rationes

1402 2334 1532 2380 affert3
1562 2348 1605 2372 ac
1633 2348 1700 2385 qu.
1733 2333 1796 2379 24.
1825 2333 1873 2370 de
1901 2337 2008 2370 verit.
2038 2343 2108 2373 art.
2139 2334 2176 2372 5.

1457 2400 1547 2424 212.
1576 2386 1651 2424 Ob.
1681 2388 1807 2438 primo
1849 2400 1938 2424 cum
1969 2385 2174 2424 Abaelardo
2215 2387 2288 2426 loc.
2317 2387 2421 2427 laud.
2465 2404 2507 2441 p·

1404 2440 1518 2478 1356.
1547 2439 1587 2478 S.
1618 2440 1872 2491 Hieronymus
1901 2440 1940 2476 in
1967 2453 2052 2491 cap.
2083 2440 2151 2477 IV.
2182 2440 2283 2479 Dan.
2313 2442 2360 2478 ad
2381 2456 2418 2480 v.
2441 2443 2506 2481 52.

1402 2492 1497 2530 Non
1525 2496 1659 2540 enim,
1690 2492 1762 2540 ait,
1792 2491 1894 2542 quod
1922 2492 2023 2540 vult,
2053 2491 2123 2530 hoc
2139 2492 2272 2544 facit,
2309 2493 2379 2531 sed
2406 2495 2506 2546 quod

1404 2545 1546 2583 bonum
1575 2554 1659 2593 est,
1688 2544 1760 2582 hoc
1789 2546 1862 2583 vult
1891 2544 2027 2583 Deus.
2058 2546 2169 2593 Quod
2198 2547 2352 2598 perinde
2380 2557 2432 2586 est
2460 2563 2507 2587 ac

1405 2600 1434 2637 si
1463 2599 1624 2637 diceret:
1654 2598 1759 2636 Deus
1789 2611 1864 2636 non
1891 2598 1992 2649 quod
2014 2597 2120 2646 vult,
2151 2600 2213 2637 sect
2243 2609 2385 2639 tantum
2405 2601 2506 2652 quod

1405 2651 1549 2690 bonum
1577 2660 1658 2699 est,
1690 2651 1813 2689 facere
1843 2659 1982 2702 potest:
2011 2664 2098 2701 ergo
2125 2651 2196 2688 ἃς.

1462 2705 1552 2743 215.
1582 2703 1694 2756 Resp.
1715 2717 1796 2755 neg.
1816 2717 1944 2748 cons.;
1974 2702 2068 2741 nihil
2098 2705 2199 2741 enim
2229 2702 2333 2741 aliud
2354 2702 2393 2742 S.
2417 2705 2507 2743 Hie-

1406 2770 1589 2809 ronymus
1618 2758 1751 2805 docet,
1799 2758 1869 2795 nisi
1898 2756 2022 2794 Deum
2052 2768 2127 2793 non
2155 2769 2260 2808 posse
2297 2756 2394 2794 velle
2423 2772 2506 2797 ma-

1407 2809 1489 2847 lum
1520 2809 1613 2860 (d);
1641 2818 1787 2848 tantum
1816 2810 1946 2857 abest,
1975 2818 2015 2847 ut
2043 2822 2145 2861 posse
2166 2808 2312 2846 malum
2342 2809 2438 2847 velle
2458 2812 2507 2849 ad

1408 2864 1605 2901 essentiam
1634 2862 1818 2903 libertatis
1845 2863 2050 2915 pertineat,
2094 2870 2133 2900 ut
2160 2863 2281 2912 potius
2311 2863 2356 2900 sit
2384 2865 2506 2901 maxi-

2371 2929 2455 2954 mus

1410 3024 1575 3059 instituto
1600 3024 1869 3058 Carmelitarnm
1894 3024 2042 3069 scriptor
2068 3023 2221 3056 Thomas
2247 3022 2442 3057 &Valdensis
2469 3023 2506 3056 in
2562 3023 2563 3034 ³

1410 3083 1538 3115 opere,
1575 3072 1629 3103 cui
1657 3072 1780 3104 titulus
1809 3070 2009 3104 Dec-crinale
2046 3074 2283 3114 (antiquitatum

2309 3071 2406 3114 fidei
2433 3068 2505 3101 Ec-

1411 3121 1522 3151 clesiae
1548 3117 1723 3151 catholicae
1741 3115 1851 3150 trihus
1876 3117 1976 3150 tomis
2004 3117 2037 3148 in
2057 3117 2111 3149 fol.
2141 3116 2388 3160 comprehenso
2402 3115 2503 3148 Torn-
2558 3136 2559 3162 }

1680 3186 1687 3194 .
1709 3175 1787 3202 10.3
1815 3172 1887 3197 tum
1914 3163 2094 3195 Bossuetus
2113 3162 2213 3195 Hist-
2239 3164 2302 3196 des
2321 3165 2504 3200 vatianum
2558 3172 2559 3176 ¹

1412 3167 1437 3196 1.
1465 3163 1541 3195 Lib.
1561 3165 1585 3195 1.
1613 3175 1676 3207 cap

1412 3211 1473 3242 cies
1498 3208 1642 3252 Eglises
1667 3209 1901 3242 protestantes
1930 3208 2005 3241 Lib.
2026 3210 2088 3241 ΧΙ.
2115 3220 2189 3253 cap.
2220 3209 2298 3242 153.

1462 3260 1509 3293 (c)
1539 3255 1618 3287 Alia
1645 3257 1678 3287 S.
1705 3256 1858 3298 Script.‚
1884 3257 1914 3286 &
1941 3256 2055 3288 Sanet.
2083 3254 2224 3288 Patrum
2251 3253 2447 3288 testimonia
2474 3252 2503 3283 si

1411 3301 1488 3345 quis
1514 3299 1684 3333 desiderat
1706 3322 1716 3341 ,
1743 3300 1840 3334 adeat
1866 3302 1966 3334 Dion.
1993 3301 2173 3335 Petavium
2201 3303 2240 3334 L.
2259 3301 2302 3334 V.
2328 3302 2370 3332 cle
2396 3297 2472 3331 Deo
2491 3318 2502 3336 2
2552 3306 2554 3325 i

1412 3347 1487 3388 c.4

1462 3369 1515 3432 (d)
1540 3390 1702 3435 Explicat
1727 3391 1762 3424 S.
1786 3393 1916 3427 Doctor
1939 3404 1979 3426 ea
2015 3393 2120 3427 verba
2159 3388 2502 3430 Nabuchodonosors
2549 3376 2551 3406 ,³
