2577 3633
281 141 296 168 ι
308 127 364 177 48

215 202 396 241 stolorum
426 202 463 240 in
491 214 608 250 eum,
647 202 745 256 quin
773 211 898 243 tamen
928 202 1009 253 ejus
1045 205 1166 241 oratio
1209 205 1321 251 fuerit

213 256 411 302 exaudita,
453 255 673 306 respondet:
717 285 745 305 „
774 257 962 296 Dominus
993 268 1063 292 non
1101 259 1223 296 oravit
1251 273 1321 311 pro

209 336 238 356 „
267 307 442 345 omuibus
469 307 790 358 crucifixoribus,
819 322 940 362 neque
968 310 1081 347 etiam
1102 324 1171 362 pro
1198 314 1320 350 omni-

212 389 240 408 „
267 359 365 409 bus,
407 361 476 415 qui
504 370 609 402 erant
637 363 819 401 credituri
848 364 885 400 in
913 375 1030 407 eum3
1071 363 1135 400 sed
1163 378 1231 417 pro
1259 365 1320 403 his

212 442 240 461 „
267 412 388 451 solum
405 427 436 463 ,·
458 415 528 467 qui
555 425 658 454 erant
687 416 968 467 praedestinati,
1013 423 1052 453 ut
1081 429 1148 466 per
1189 419 1317 470 ipsum

210 496 237 513 „
266 467 386 504 vitam
415 479 730 523 consequerentur
758 476 939 506 aeternam
956 494 967 505 .
1005 471 1031 491 “
1060 469 1109 509 Et
1135 474 1318 510 sexcentis

205 520 249 557 in
279 519 372 559 locis
391 520 595 573 Angelicus
623 529 832 560 constanter
852 522 1005 573 repetit,
1034 521 1226 562 Christum
1250 539 1318 576 pro

208 570 295 610 solis
324 575 595 624 praedestinatis
624 584 816 612 mortuum
854 588 930 612 esse
958 574 1201 625 efficaciter,
1246 592 1314 628 pro

207 627 341 663 ceteris
369 637 494 665 autem
524 626 743 665 hominibus
771 627 1032 676 sufficienter3
1060 631 1162 684 quod
1190 644 1236 670 ex
1253 632 1313 670 in-

204 679 267 717 fra
295 679 461 716 dicendis
489 680 688 730 apparebit
717 680 898 720 uberius.

265 732 351 768 125.
383 730 492 770 Proh.
523 732 679 771 ulterius
706 743 833 773 nostra
861 737 1065 787 propositio
1100 749 1144 773 eo
1172 737 1314 775 invicto

202 792 450 835 argumento,
478 798 555 836 quo
582 784 623 823 S.
653 788 882 838 Augustinus
910 798 1040 829 contra
1068 788 1309 842 Pelagianos,

201 849 247 874 ac
276 835 601 891 Semipelagianos
641 842 783 892 saepius
824 849 876 879 est
904 855 1019 890 usus,
1067 856 1111 880 ex
1141 843 1312 894 parvulis

200 887 281 927 illis
308 889 506 939 desumto,
535 893 603 944 qui
632 893 931 946 sinebaptismo
959 897 1160 934 morientes
1189 897 1238 935 ab
1260 910 1311 934 εε-

199 950 306 980 terna
334 942 452 982 salute
480 944 686 986 infeliciter
722 948 900 987 excidunt
917 977 928 996 ,
975 962 1050 986 non
1078 958 1176 986 certe
1217 954 1311 1001 quia

199 999 272 1043 ipsi
300 997 452 1046 nolint,
481 1011 571 1036 cum
599 1000 770 1038 nondum
799 1015 866 1051 per
888 1010 1038 1039 aetatem
1067 1003 1156 1054 ipsis
1186 1003 1310 1052 velle,

199 1058 265 1085 aut
295 1049 395 1088 nolle
423 1048 563 1097 liceat3
592 1052 654 1089 sed
683 1054 775 1105 quia
795 1054 900 1093 Deus
929 1069 1000 1093 non
1022 1055 1127 1104 vult,
1157 1064 1196 1094 ut
1216 1057 1309 1108 ipsis

197 1101 373 1141 infinitus
402 1105 585 1156 passionis
605 1105 744 1144 Christi
761 1106 979 1158 applicetur
999 1109 1141 1146 fructus
1154 1135 1164 1147 .
1196 1109 1308 1157 Quod

200 1168 289 1193 cum
321 1157 361 1195 in
388 1157 569 1195 omnibus
598 1160 675 1196 sine
716 1159 836 1198 dubio
863 1175 996 1199 verum
1027 1163 1101 1209 sit,
1143 1163 1309 1200 manife-

198 1209 292 1247 stius
323 1217 448 1248 tamen
477 1211 516 1248 in
546 1212 593 1249 iis
621 1221 805 1264 apparet„
834 1215 902 1266 qui
923 1222 1128 1266 antequam
1149 1229 1308 1254 nascan-

197 1270 258 1297 tur
277 1291 289 1309 ,
318 1263 396 1299 sine
426 1261 505 1301 ulla
535 1274 735 1315 parentum
765 1264 908 1317 culpa,
937 1266 1015 1304 solo
1030 1268 1112 1304 Deo
1132 1268 1306 1317 volente,

197 1315 439 1361 moriuntur3
471 1325 551 1354 tum
580 1318 619 1354 in
651 1319 724 1366 iis,
753 1330 847 1371 quos
876 1321 915 1356 in
937 1320 1096 1372 AEgypto
1124 1320 1198 1360 Dei
1228 1321 1307 1371 jus-

192 1379 238 1405 su
269 1368 433 1418 Angelus
460 1371 727 1409 exterminator
757 1385 832 1409 una
860 1381 969 1410 nocte
996 1372 1179 1423 percussit
1206 1374 1308 1412 Exo-

195 1418 234 1455 di
256 1418 372 1465 X11.;
402 1429 514 1472 atque
543 1423 581 1458 iu
609 1423 659 1459 iis
685 1424 841 1460 demum
859 1453 870 1471 ,
900 1438 993 1476 quos
1022 1420 1061 1462 in
1091 1427 1204 1464 uteris
1224 1441 1306 1465 ma-

193 1472 306 1508 ternis
336 1472 460 1510 adhuc
489 1475 687 1516 existentes
714 1475 896 1515 Israelitae
925 1477 1009 1515 Deo
1050 1476 1205 1531 jubente
1234 1493 1305 1518 sae-

193 1524 282 1577 pius
309 1526 531 1564 occiderunt
549 1553 560 1565 .
1205 1543 1211 1549 “

253 1576 339 1615 126.
371 1578 449 1618 Ubi
480 1579 522 1619 S.
543 1582 800 1632 Augustinus,
830 1582 941 1634 cujus
971 1584 1112 1636 ingenii
1142 1599 1304 1625 acumen

192 1629 291 1667 nihil
322 1645 472 1683 prorsus
501 1634 698 1685 fugiebat,
727 1636 819 1675 Lib.
848 1637 899 1676 V.
928 1647 1070 1676 contra
1097 1637 1304 1678 „Iulianum

193 1697 279 1734 cap.
315 1685 375 1731 14.
405 1685 657 1735 observavit„
688 1688 758 1726 hoc
787 1704 864 1728 esse
894 1690 1015 1728 multo
1057 1692 1303 1741 mirabilius,

192 1737 295 1785 quod
324 1766 350 1784 „
380 1738 584 1790 aliquando
614 1741 719 1778 Deus
746 1742 897 1792 adoptat
926 1744 963 1778 in
993 1743 1145 1790 filium,
1188 1758 1305 1796 quem

196 1817 223 1836 9,
254 1788 390 1826 format
421 1791 459 1827 in
491 1800 596 1828 utero
626 1792 944 1831 immundissimas
968 1794 1171 1841 foeminae5
1200 1796 1235 1833 ὃ(
1265 1812 1305 1834 a-

196 1870 221 1888 „
250 1840 433 1892 liquando
461 1856 535 1880 non
565 1843 646 1881 vult
675 1859 751 1882 esse
771 1859 883 1884 suum
906 1846 1033 1885 filiun]
1051 1877 1062 1895 ,
1091 1862 1207 1900 quem
1229 1849 1303 1887 for-

195 1924 222 1941 „
253 1903 329 1931 mat
359 1896 398 1933 in
428 1904 535 1933 utero
561 1911 639 1934 suae
669 1897 792 1936 filiae,
832 1899 900 1936 llle
929 1901 1074 1952 quippe
1102 1901 1150 1939 ad
1178 1902 1304 1954 bapti-

198 1976 223 1993 3,
254 1961 382 1984 smum
410 1951 533 1987 nescio
560 1963 635 2002 qua
665 1953 878 2002 provisione
910 1955 1108 2004 pervenit3
1153 1956 1218 1992 iste
1249 1970 1305 1994 re-

196 2030 222 2047 „
252 2002 405 2052 pentina
434 2011 552 2039 morte
594 2016 665 2042 uon
708 2007 901 2055 pervenit:
949 2015 1060 2056 atque
1090 2008 1142 2044 ita
1171 2008 1303 2057 Deus,

198 2084 222 2100 Ὀ
252 2055 292 2090 iu
323 2053 431 2103 cujus
463 2064 636 2105 potestate
656 2066 737 2093 suut
757 2059 883 2094 omnia
900 2087 911 2105 ,
942 2058 1032 2095 facit
1049 2073 1124 2095 esse
1141 2062 1178 2096 in
1194 2060 1306 2100 Chri-

195 2135 222 2154 „
251 2107 296 2142 sti
327 2110 536 2155 consortio,
576 2122 692 2161 quem
722 2110 900 2148 formavit
929 2110 972 2149 in
1009 2110 1151 2150 diaboli
1183 2114 1305 2152 domi-

196 2188 223 2207 „
254 2159 370 2207 cilio,
401 2159 433 2195 8(
463 2173 536 2197 non
565 2161 646 2198 vult
676 2175 753 2199 esse
773 2164 813 2200 in
842 2175 956 2214 regno
975 2177 1062 2212 suo,
1092 2180 1207 2219 quem
1230 2168 1305 2206 for-

198 2241 225 2259 „
254 2214 375 2250 mavit
405 2213 444 2250 in
475 2212 618 2264 templo
646 2228 736 2254 suo:
767 2225 831 2254 aut
860 2218 891 2253 si
923 2216 1032 2265 vult,
1062 2232 1130 2256 cur
1151 2233 1226 2258 non
1248 2222 1305 2258 sa—

196 2293 222 2312 „
252 2266 323 2312 cit,
353 2267 453 2317 quod
476 2265 582 2306 vult?
612 2271 638 2288 ‘²
667 2268 768 2315 Quis
787 2278 914 2307 autem
934 2271 1080 2318 credat,
1110 2272 1303 2313 Christum

191 2316 354 2355 voluisse
383 2318 600 2368 efficaciter
629 2331 823 2371 quantum
854 2327 895 2360 in
931 2335 974 2361 se
1004 2334 1119 2373 erat,
1161 2340 1230 2378 pro
1258 2328 1304 2366 iis

193 2373 357 2420 pretium
385 2375 444 2410 sui
473 2375 669 2425 sanguinis
696 2375 832 2413 offerre
850 2406 860 2424 ,
890 2390 984 2429 quos
1014 2391 1057 2415 ex
1078 2379 1304 2420 inscrutabi-

192 2423 222 2462 li
251 2425 468 2464 divinorum
498 2426 734 2479 judiciorum
763 2429 900 2484 abysso
920 2439 1020 2469 certo
1039 2433 1228 2485 perituros
1248 2448 1303 2473 es-

195 2491 233 2516 se
262 2477 434 2518 sciehat?

253 2544 341 2582 127.
370 2532 480 2579 Quod
509 2543 636 2574 autem
666 2536 712 2573 de
732 2536 905 2588 parvulis
923 2537 1222 2577 luculentissime
1240 2541 1304 2578 de·

194 2594 442 2623 monstratum
471 2597 551 2638 est,
580 2588 656 2626 dici
687 2589 861 2627 similiter
889 2592 1000 2629 debet
1028 2592 1074 2629 de
1095 2593 1142 2630 iis
1168 2594 1303 2632 infide-

193 2634 325 2684 libus,
372 2639 511 2690 quibus
555 2641 660 2679 nulla
707 2656 879 2695 unquam
923 2643 1067 2683 affulsit
1100 2645 1303 2698 Evangelii

193 2688 288 2734 lux3
317 2692 418 2742 quod
447 2694 584 2731 iterum
614 2698 818 2747 contingit,
849 2697 932 2735 Deo
959 2700 1303 2751 nonpermittente

195 2742 319 2781 solum
337 2773 346 2791 ,
377 2745 438 2781 sed
468 2750 623 2795 positive
653 2748 823 2798 volente,
855 2760 893 2788 ut
923 2752 1189 2803 praedicatores
1213 2754 1302 2791 fidei

198 2809 241 2832 eo
270 2809 341 2833 non
369 2801 616 2848 perveniant:
646 2802 754 2852 cujus
783 2803 924 2842 diviuae
957 2804 1158 2844 voluntatis
1187 2808 1304 2845 diser-

197 2850 388 2887 tissimum
416 2854 673 2891 testimonium
713 2856 833 2894 reddit
875 2857 1030 2897 historia
1058 2860 1224 2898 Actuum
1254 2861 1304 2898 A·

198 2902 427 2951 postolorum
446 2935 456 2953 ,
488 2908 524 2944 in
554 2921 628 2960 qua
658 2909 796 2947 dicitur
825 2924 859 2948 c.
889 2911 996 2950 XVI.
1026 2913 1126 2964 quod
1143 2912 1304 2961 Paulus,

201 2952 234 2988 8<
263 2955 485 2997 Timotheus
526 2964 628 2998 vetiti
657 2971 745 2998 sunt
783 2976 810 3000 a
838 2963 984 3014 Spiritu
1013 2966 1162 3004 Sancto
1204 2967 1305 3018 loqui

203 3005 356 3062 gerbam
386 3010 462 3049 Dei
491 3017 531 3050 in
561 3014 659 3051 Asia
675 3030 690 3059 ;
738 3015 771 3051 &
799 3019 900 3068 quod
929 3018 1138 3057 tentabant
1179 3025 1239 3058 ire-
1265 3024 1305 3057 in

202 3058 459 3112 ssitliyrziizri‘z,
501 3067 549 3107 (J
579 3081 658 3105 non
685 3073 862 3117 permisit
898 3085 963 3110 eos
992 3072 1158 3123 Spiritus
1185 3073 1276 3114 Jesu
1295 3100 1306 3112 .

203 3110 449 3153 Perrexeruut
489 3121 613 3169 potius
653 3123 701 3159 ad
731 3122 988 3172 Macedones,
1035 3132 1133 3164 certi
1162 3127 1306 3180 sacti²

197 3164 304 3215 quod
333 3179 506 3215 vocasset
536 3186 600 3209 eos
629 3173 739 3211 Deus
769 3180 1043 3229 evangelizare
1073 3185 1155 3219 eis.

264 3218 455 3263 128.‘Ob.
486 3226 637 3273 primo.
684 3227 792 3265 Nihil
835 3232 1069 3284 frequentius
1113 3236 1154 3274 in
1191 3235 1306 3273 sacris

202 3269 358 3320 litteris,
386 3287 502 3327 quam
531 3276 722 3315 Christum
754 3295 821 3329 pro
849 3287 1028 3324 omnibus
1055 3288 1210 3327 omnino
1238 3287 1304 3327 ho-

204 3324 376 3370 minibus
402 3328 482 3367 sine
513 3327 592 3369 ulla
620 3335 837 3384 exceptione
854 3365 865 3385 ,
894 3348 957 3377 aut
986 3340 1220 3381 distinctione
1248 3343 1304 3383 iu·

969 123 1472 170 DISSERTATIOJV.
1506 125 1634 170 CAR
1657 126 1734 169 ΠΙ.

1388 205 1602 243 differenter
1617 218 1692 242 esse
1709 212 1929 243 mortuum..
1958 205 2057 245 Nam
2075 207 2115 247 S.
2135 206 2276 247 Paulus
2296 209 2336 247 in
2358 223 2420 263 ep.
2451 215 2501 252 aa

1387 259 1509 296 Hebr.
1538 259 1586 296 II.
1615 271 1653 309 9.
1696 257 1741 294 de
1770 256 1919 295 Christo
1946 258 2103 311 loquens
2132 262 2248 300 dicit:
2293 272 2332 300 ut
2360 269 2500 317 gratia,

1385 310 1465 350 Dei
1493 325 1563 362 pro
1590 309 1769 348 omnibus
1795 320 1976 363 gustaret
2003 323 2172 351 mortem
2193 341 2204 353 .
2252 316 2350 364 Quae
2381 315 2499 357 v'erba

1385 365 1437 404 ita
1467 365 1506 403 S.
1536 364 1593 401 Jo.
1623 363 1911 415 Chrysostomus
1940 367 2111 417 exponit:
2148 366 2197 408 (θ’
2225 372 2307 420 ipse
2335 371 2496 422 quidem

1383 431 1454 468 pro
1482 415 1660 455 omnibus
1690 425 1868 455 mortuus
1896 427 1956 455 est
1973 445 1983 456 .
2025 418 2128 470 Quid
2156 429 2292 460 autem
2311 453 2322 471 ,
2352 428 2386 462 si
2415 438 2498 462 ηοη

1384 484 1524 509 omnes
1544 468 1747 507 credant?
1775 469 1877 519 Hic,
1906 470 2008 523 quod
2026 485 2142 510 suum
2162 483 2272 522 erat,
2302 478 2499 526 implerit.

1384 523 1570 562 Praeterea
1600 523 1702 562 idem
1732 523 1932 575 Apostolus
1969 539 2001 562 r.
2030 527 2078 564 ad
2106 526 2276 570 Timoth.
2300 529 2355 575 ΙΙ,
2371 531 2408 568 5.
2442 530 2496 568 U-

1383 591 1478 625 nus,
1509 577 1660 627 inquit,
1700 577 1898 615 mediator
1924 577 2030 627 Dei,
2068 579 2118 620 ὠ
2147 579 2351 619 hominum
2381 581 2498 621 homo

1386 630 1559 667 Christus
1586 628 1726 677 Iesus,
1773 634 1839 681 qui
1867 630 1972 669 dedic
1998 631 2310 685 redemptionem
2351 645 2499 674 semet-

1380 687 1506 733 ipsam
1548 695 1619 733 pro
1647 682 1828 721 omnibus
1847 709 1858 721 .
1905 684 1953 722 Et
1982 683 2141 725 Roman.
2169 687 2275 725 VIII.
2305 688 2371 727 52.
2421 688 2500 741 Qui

1379 741 1538 789 proprio
1553 735 1649 789 filio
1677 749 1746 774 suo
1774 750 1855 783 non
1883 742 2078 788 pepercit,
2121 738 2191 777 sed
2217 753 2287 790 pro
2316 740 2425 780 nobis
2453 756 2499 780 o·

1380 789 1536 837 mnibus
1575 789 1738 828 tradidit
1766 790 1903 835 illum;
1941 791 2081 829 Joann.
2111 793 2201 830 item
2231 793 2300 831 IV.
2331 794 2398 840 42.
2428 795 2500 835 Sa-

1379 845 1560 882 maritani
1590 842 1791 881 dicebant:
1838 847 1912 895 ipsi
1941 843 2162 882 audivimus
2183 875 2194 893 ,
2239 848 2288 886 (9-
2318 850 2496 898 scimus,

1379 900 1473 948 quia
1501 896 1562 934 hic
1590 905 1648 934 est
1676 909 1764 935 vere
1792 898 1968 936 salvator
1995 896 2160 935 mundi.
2192 899 2248 936 Ac
2277 900 2434 939 demum
2451 901 2497 940 S·

1378 951 1539 989 Joannes
1567 949 1607 987 in
1635 963 1701 988 sua
1736 963 1770 988 1.
1799 964 1860 1003 ep.
1889 951 1940 989 ΙΙ.
1972 964 2009 989 2.
2046 951 2092 988 de
2120 950 2268 990 Christo
2297 954 2365 990 ait:
2404 958 2489 1005 ipse

1378 1013 1438 1041 est
1465 1006 1691 1055 propitiatio
1717 1016 1787 1054 pro
1814 1008 1991 1055 peccatis
2019 1008 2186 1053 nostris,
2216 1017 2297 1043 non
2324 1020 2395 1056 pro
2425 1021 2496 1045 no-

1377 1060 1470 1095 stris
1499 1065 1635 1094 autem
1656 1065 1814 1096 nimum
1832 1087 1844 1106 ,
1872 1057 1942 1096 sed
1961 1061 2087 1095 etiam
2107 1071 2177 1108 pro
2197 1063 2313 1097 totius
2335 1060 2498 1100 mundi.

1436 1123 1524 1151 120.
1555 1109 1667 1161 Resp.
1711 1109 1888 1149 Primum
1931 1112 2188 1151 testimouium
2233 1114 2284 1150 ita
2328 1114 2501 1166 explicat

1377 1153 1584 1215 Ange-sicus
1605 1164 1709 1201 Lect.
1732 1163 1794 1202 5.:
1824 1193 1851 1212 „
1881 1177 1949 1215 pro
1978 1163 2156 1201 omnibus
2187 1165 2392 1216 dupliciter
2413 1176 2496 1219 pot-

1433 1226 1486 1255 est
1514 1215 1678 1268 intelligi
1695 1246 1706 1264 ,
1736 1216 1796 1255 vel
1828 1225 1869 1253 ut
1897 1219 1940 1254 sit
1969 1216 2187 1254 distributio
2215 1221 2462 1258 accommoda
2481 1250 2494 1268 ‚

1433 1269 1577 1308 scilicet
1607 1282 1675 1320 pro
1703 1269 1884 1306 omnibus
1914 1270 2213 1319 praedestinatis3
2250 1284 2319 1321 pro
2348 1273 2425 1310 istis
2455 1287 2493 1310 e„

1432 1325 1514 1360 nim
1545 1317 1832 1359 tantum'habet
1860 1320 2101 1367 efficaciam;
2130 1321 2190 1360 vel
2220 1322 2390 1360 absolute
2420 1338 2492 1376 pro

1431 1375 1634 1422 omnibus,
1665 1382 1852 1425 quantum
1881 1375 1928 1412 ad
1957 1373 2257 1420 sufficientiam;
2298 1376 2493 1416 sufficiens

1373 1458 1401 1477 „
1430 1429 1532 1465 enim
1550 1457 1560 1476 ,
1590 1436 1777 1478 quantum
1805 1428 1852 1466 ad
1879 1441 1944 1476 se,
1974 1426 2155 1466 omnibus
2184 1437 2264 1467 est.
2299 1442 2332 1467 1.
2353 1430 2401 1468 ad
2421 1429 2493 1486 'Pi-¹

1373 1511 1399 1530 „
1430 1480 1548 1519 moth.
1578 1480 1647 1518 IV.
1695 1480 1775 1528 Qui
1803 1490 1856 1519 est
1883 1481 2047 1518 salvator
2074 1481 2248 1518 omnium
2267 1511 2278 1529 ,
2322 1485 2492 1522 maxime

1373 1564 1400 1583 ,‚
1431 1544 1556 1572 autem
1586 1532 1762 1572 fidelium
1792 1537 1818 1555 ‘⁶
1836 1560 1848 1573 .
1875 1534 2099 1586 Eodemque
2114 1535 2284 1572 seusude
2300 1535 2492 1576 sufficien-

1371 1589 1425 1626 tia
1451 1589 1563 1640 pretii
1581 1617 1592 1635 ‚
1621 1600 1699 1625 non
1730 1596 1856 1625 autem
1884 1587 1931 1624 de
1960 1585 2107 1625 efficaci
2129 1585 2301 1637 ejusdem
2321 1588 2487 1628 oblatio·=

1372 1655 1432 1688 ne·
1449 1639 1717 1692 intelligendus
1746 1649 1800 1679 est
1829 1640 1871 1678 S.
1897 1639 2217 1692 Chrysostomus,
2248 1649 2287 1678 ut
2317 1642 2421 1681 infra
2447 1657 2494 1681 n..

1379 1694 1467 1744 ¹47·
1498 1696 1620 1744 magis
1647 1693 1932 1732 declarabitur.
2376 1698 2406 1738 “,

1435 1746 1522 1783 150.
1550 1745 1727 1782 Alterum
1763 1746 1942 1783 similiter
1971 1745 2131 1784 Sanctus
2161 1746 2349 1793 Thomas,
2369 1747 2492 1800 expli-

1373 1806 1432 1835 cat
1462 1798 1564 1835 Lect.
1601 1809 1634 1834 ι.
1672 1797 1713 1834 in
1742 1796 1848 1835 laud.
1891 1811 1926 1835 c.
1957 1798 2004 1834 ΙΙ.
2035 1810 2101 1849 ορ.
2134 1811 2166 1836 1.
2210 1800 2258 1836 ad
2289 1800 2491 1850 Timoth.,

1373 1849 1486 1889 simul
1517 1850 1632 1888 etiam
1663 1849 1896 1900 conjungens
1924 1849 2075 1900 objecta
2103 1850 2144 1889 S.
2174 1851 2331 1890 joannis
2373 1853 2491 1892 verba

1373 1904 1481 1954 epist.
1504 1908 1638 1954 rivcap.
1660 1903 1707 1940 II.
1737 1902 1827 1952 Ipse
1853 1912 1912 1940 est
1930 1907 2154 1952 propitiatio
2168 1904 2256 1944 (9²0.
2286 1905 2490 1957 inquiens:

1377 1986 1403 2005 „
1434 1970 1502 2009 pro
1532 1956 1729 2007 aliquibus
1757 1955 1986 2002 efficaciter,
2017 1955 2080 1993 sed
2111 1969 2181 2008 pro
2201 1957 2382 1997 omnibus
2411 1960 2490 1997 suf-

1374 2039 1400 2057 ‚‚
1431 2010 1630 2056 sicienter,
1659 2008 1752 2060 quia
1781 2009 1947 2059 pretium
1976 2010 2170 2061 sanguinis
2199 2009 2283 2061 ejus
2311 2021 2364 2049 est
2383 2011 2490 2051 suffi-

1373 2091 1400 2110 „
1430 2065 1535 2100 ciens
1563 2062 1612 2099 ad
1640 2061 1800 2100 salutem
1831 2062 2033 2106 omuium3
2067 2062 2131 2099 sed
2160 2076 2235 2101 non
2265 2063 2378 2102 habet
2407 2065 2490 2104 effi-

1374 2144 1403 2163 „
1430 2118 1579 2153 eseiam
1595 2144 1605 2162 ,
1636 2116 1706 2153 nisi
1727 2116 1769 2153 in
1783 2115 1910 2153 electis
1927 2122 2080 2166 propter
2101 2116 2488 2166 impedimentum-“3

1373 2168 1517 2207 scilicet
1547 2177 1700 2221 propter
1728 2168 2049 2220 impedimentum
2087 2181 2279 2219 perversae
2310 2169 2488 2211 volunta-

1373 2223 1446 2269 tis,
1494 2236 1610 2274 quam
1641 2222 1745 2260 Deus
1773 2223 1811 2259 in
1848 2220 2020 2274 reprobis
2048 2233 2093 2258 ex
2124 2234 2191 2259 sua
2233 2221 2379 2273 justitia
2399 2231 2489 2263 ‘non

1373 2275 1456 2312 vult
1484 2277 1698 2328 corriget-<³3
1745 2274 1828 2312 vult
1868 2284 1999 2313 autem
2039 2286 2086 2311 ex
2114 2287 2181 2312 sua
2223 2275 2485 2315 misericordia

1371 2331 1590 2380 corrigere,
1617 2328 1677 2367 vel
1706 2328 1892 2380 impedire
1921 2330 1963 2365 in
1992 2326 2139 2365 electis:
2169 2329 2273 2379 quoci-
2300 2339 2420 2381 posset
2442 2343 2487 2368 u-

1371 2383 1475 2435 tique
1506 2391 1684 2433 praestare
1713 2382 1828 2420 etiam
1860 2382 1896 2419 in
1925 2380 2119 2432 reprobis,
2148 2381 2178 2418 si
2211 2381 2349 2420 vellet.

1433 2435 1520 2474 131.
1551 2436 1728 2473 Ceterum
1749 2435 2048 2486 redemptionem
2076 2437 2254 2484 proprie,
2285 2434 2318 2470 8:
2347 2434 2488 2484 effica-

1371 2491 1467 2528 citer
1495 2498 1664 2526 sumtam
1689 2489 1873 2540 pertinere
1905 2489 1942 2525 in
1971 2501 2077 2525 sensu
2097 2487 2343 2526 distributive
2361 2490 2407 2527 ad
2427 2502 2486 2527 so·

1371 2541 1427 2580 los
1455 2541 1612 2588 electos,
1643 2551 1743 2594 patet
1771 2555 1817 2579 ex
1839 2539 2000 2594 Apocal,
2019 2539 2069 2578 V.
2091 2553 2152 2593 9.,
2183 2541 2249 2580 ubi
2271 2542 2397 2580 Sancti
2418 2543 2485 2580 be-

1370 2597 1550 2633 nedicunt
1578 2595 1729 2633 Christo
1746 2625 1758 2643 ,
1787 2595 1989 2648 dicentesr
2018 2597 2208 2644 quoniam
2237 2599 2390 2633 occisus
2418 2609 2482 2643 es,

1370 2649 1419 2689 <J
1448 2649 1652 2686 redemisti
1679 2662 1751 2687 nos
1780 2647 1867 2686 Deo
1895 2651 1937 2684 in
1965 2651 2162 2698 sanguine
2199 2656 2265 2685 tuo
2293 2661 2346 2685 ex
2375 2652 2484 2685 omni

1369 2701 1491 2750 tribu,
1520 2704 1568 2743 Φ
1599 2703 1760 2755 lingua,
1789 2702 1838 2742 ὢν
1866 2701 2029 2753 populo,
2059 2700 2108 2741 ὅ]
2128 2704 2314 2738 natione.
2345 2701 2482 2738 Eccle-

1372 2756 1426 2794 sia
1455 2757 1579 2793 etiam-
1602 2756 1866 2806 Lugdunensis
1894 2754 1941 2792 de
1970 2751 2089 2790 tribus
2119 2767 2179 2806 ep.
2210 2768 2244 2791 c.
2282 2753 2340 2791 16.
2378 2769 2420 2791 ea
2453 2757 2483 2791 i-

1372 2823 1438 2859 psa
1469 2809 1609 2847 verba:
1645 2809 1723 2860 Qui
1752 2808 1855 2847 dedit
1883 2811 2140 2857 semetipsum
2169 2806 2486 2858 redemptionem.

1371 2874 1441 2910 pro
1471 2862 1648 2900 omnibus
1666 2892 1677 2910 ,
1708 2864 1760 2901 ita
1789 2861 1974 2915 explicat:
2005 2873 2087 2898 non
2115 2860 2218 2911 quod
2246 2873 2385 2916 ornnes
2406 2874 2482 2898 sua

1372 2919 1555 2965 passione
1583 2916 1821 2964 redemerit,
1849 2920 1948 2953 sicut
1976 2919 2104 2965 utique
2133 2914 2395 2963 manifestum
2426 2923 2484 2950 est

1374 2970 1390 3019 (
1419 2967 1562 3006 scilicet
1591 2983 1635 3005 ex
1665 2969 1854 3008 voluntate
1883 2968 2030 3006 efficaci
2060 2978 2121 3002 eos
2148 2964 2319 3004 salvandi
2350 2966 2384 3014 ):
2414 2967 2484 3005 sed

1373 3020 1475 3071 quod
1503 3035 1620 3059 nemo
1650 3026 1824 3072 accipiat
1854 3021 2161 3070 redemptionem
2180 3049 2190 3066 ,
2221 3023 2297 3056 uisi
2326 3023 2366 3056 in
2395 3021 2485 3070 illo,

1371 3075 1419 3115 Θ
1449 3087 1518 3123 per
1544 3075 1681 3115 illum.
1731 3076 1952 3126 Eademque
1981 3073 2123 3109 ratione
2160 3072 2233 3110 alia
2263 3071 2347 3111 loca
2376 3073 2482 3125 obje-

1372 3120 1429 3165 cta
1447 3156 1456 3174 ,
1487 3127 1520 3163 &
1549 3143 1636 3182 quae
1665 3128 1744 3167 illis
1773 3127 1916 3167 similia
1943 3125 2063 3177 objici
2085 3135 2265 3179 possunt,
2295 3125 2482 3179 explicari

1372 3180 1506 3218 debent
1524 3208 1533 3219 .
1900 3215 1905 3219 ,
2290 3199 2292 3202 ’

1432 3234 1518 3271 152.
1549 3235 1637 3273 Inst.
1667 3235 1707 3273 S.
1737 3234 1874 3272 Paulus
1914 3245 1950 3270 2.
1980 3231 2149 3270 Corinth,
2180 3233 2229 3271 V.
2266 3234 2326 3279 ¹4·
2369 3232 2411 3269 Si
2439 3245 2479 3268 ιι-

1372 3300 1473 3334 nus,
1504 3289 1652 3339 inquit,
1681 3301 1752 3338 pro
1779 3285 1959 3327 omnibus
1989 3296 2162 3324 mortuus
2192 3296 2249 3324 est
2270 3317 2280 3334 ,
2317 3299 2410 3336 ergo
2439 3298 2480 3322 οε

1373 3353 1488 3380 mnes
1517 3345 1661 3380 mortui
1690 3349 1808 3391 sunt,
1836 3340 1884 3382 ἴθ’
1913 3353 1982 3391 pro
2008 3339 2188 3379 omnibus
2217 3349 2393 3431 mortglus
2423 3348 2481 3378 esc

2355 3406 2421 3431 twx

1376 1246 1403 1266 2:

1375 1299 1402 1319 39

1375 1353 1402 1372 2²

1374 1405 1401 1424 :2
