2577 3633
19 110 30 133 '³
442 124 448 128 ‘
896 120 978 168 DE
1005 118 1116 168 DEI
1142 120 1431 168 -UNITATE
1448 150 1460 167 .

16 222 175 265 fagorum
215 208 336 248 instar
362 210 498 255 natos,
531 201 604 246 -sed
632 219 654 244 a
682 202 766 243 Deo
800 210 970 252 creatos,
1012 214 1151 254 eosque

19 277 201 317 superna
227 259 457 300 revelatione
484 258 530 297 de
558 271 648 297 vero
676 256 1026 296 unius-divinitatis
1045 256 1152 294 cultu

17 318 185 357 aedoctos
200 344 212 364 ‚
241 327 357 367 quem
386 311 478 351 filiis
494 337 507 361 ‚
535 310 569 347 8<
597 311 798 364 nepotibus
820 309 1025 348 <traditione
1043 321 1151 369 com-

25 369 285 410 -municarunt
300 397 312 416 ‚
341 366 487 405 tametsi
516 373 642 417 postea
661 364 865 403 hominum
883 369 1150 422 perversitate,

20 420 264 474 diabolique
291 419 388 458 dolis
416 418 521 456 foeda
548 418 812 471 superstitione
841 416 993 455 vitiatus
1014 415 1150 454 fuerit.

30 475 140 514 Hinc
167 474 390 513 Lactantius
419 471 520 511 hunc
549 473 678 524 ipsum
708 482 881 508 errorem
909 477 1031 507 nostro
1067 481 1151 506 aevo

17 529 285 575 r-euscitatum,
326 526 410 578 jam
438 537 507 563 suo
543 533 713 577 tempore
754 523 953 562 confutans
981 521 1071 560 Lib.
1100 521 1150 560 II.

34 582 158 625 divin,
187 579 318 618 Instit.
340 593 436 631 cap.
471 577 531 624 14.
560 579 615 616 ita
643 576 916 617 concludebat:
952 585 1091 632 errant
1119 579 1151 612 i—

30 639 142 688 gitur
157 664 169 683 ‚
197 637 262 686 qui
277 631 458 671 Deorum
473 632 623 669 cultum
638 630 689 669 ab
705 629 869 669 exordio
888 641 1023 667 rerum
1040 629 1152 681 juis-

35 701 82 726 se
116 685 388 735 contendunt,
430 685 482 727 (θ’
508 689 679 736 priorem
722 696 810 723 esse
849 683 1118 736 gentilitatem
1139 711 1151 730 ,

26 753 162 794 quam
181 739 262 780 Dei
289 740 523 793 religionem
540 770 551 789 ,
580 751 703 791 quam
719 745 861 790 putant
880 739 1071 788 posterius
1091 739 1151 773 in-

33 803 196 837 ventum
213 823 224 843 ‚
253 802 375 845 atque
402 795 600 846 originem
629 793 805 831 veritatis
833 793 1051 849 ignorent.
1114 842 1121 850 .

97 848 188 887 105.
215 847 339 886 Missa
366 848 495 899 itaque
524 845 597 885 hac
637 844 830 897 paradoxa
857 854 1067 903 opinione,
1110 855 1152 880 m

33 915 115 955 qua
152 913 226 940 non
255 909 335 940 tam
375 899 604 939 idololatriae
632 911 735 938 verae
769 894 973 947 ‘religionis
1008 894 1154 948 epocha

33 954 268 1007 inquirenda
282 962 400 1002 esset,
430 960 562 1004 putant
576 949 778 997 nonnulli,
798 948 1056 988 idololatriam
1076 949 1155 1001 pri-

35 1021 103 1049 mo
132 1008 248 1046 fui'sse
277 1006 327 1046 ab
355 1007 458 1045 Enos
499 1012 588 1043 ante
616 1003 811 1043 diluvium
847 1003 1065 1051 invectam,
1107 1002 1154 1040 de

27 1074 116 1114 quo
145 1061 331 1111 scriptum
358 1066 410 1097 est
442 1055 592 1096 Genes.
610 1055 684 1097 IV.
707 1057 772 1098 26.
801 1058 873 1094 iste
903 1060 1019 1107 caepit
1047 1059 1153 1094 invo-

37 1125 137 1151 care
164 1124 315 1150 nomen
334 1110 530 1159 Domini,
559 1124 648 1164 quae
677 1110 796 1150 verba
824 1110 879 1148 sic
908 1118 1066 1161 possunt
1095 1110 1153 1147 in-

35 1166 162 1218 telligi
189 1173 290 1204 textu
311 1163 492 1203 hebraico
512 1159 786 1210 nunnoni-ub
803 1158 897 1210 &bn
919 1169 1042 1213 Ἱηηκ
1061 1171 1154 1200 tunc

33 1222 153 1270 coepit
179 1217 396 1271 profana-ri
421 1228 573 1255 nomen
592 1214 789 1264 Domini,
818 1214 879 1255 vel
911 1225 950 1253 ut
979 1217 1090 1254 vertit
1110 1215 1153 1255 P.

30 1272 285 1324 Houbigant:
313 1280 400 1310 tum
418 1274 593 1323 primum
613 1281 768 1319 caepere
787 1267 968 1306 homines
984 1268 1062 1308 Dei
1082 1283 1152 1307 no-

35 1338 133 1364 men
161 1325 395 1378 appellare.
425 1325 528 1363 Huic
556 1331 685 1364 tamen
709 1323 1034 1375 interpretationi,
1062 1337 1153 1373 quae

31 1378 250 1417 *multorum
281 1378 550 1417 Rabbinorum
579 1386 658 1425 est,
687 1384 875 1429 repugnat
903 1375 945 1415 S.
975 1376 1155 1428 Augusti-

30 1444 109 1470 nus
138 1431 184 1470 L.
213 1430 305 1470 XV.
335 1430 384 1470 de
414 1430 525 1470 Civit.
553 1429 633 1468 Dei
660 1442 748 1482 cap.
782 1428 844 1468 18.
874 1430 927 1467 ita
955 1428 1056 1468 huuc
1076 1438 1156 1467 tex-

34 1493 119 1524 tum
148 1484 195 1522 de
210 1484 313 1523 Enos
325 1484 483 1538 legens:
511 1483 573 1524 hic
592 1486 765 1536 sperarit
790 1486 979 1523 invocare
1006 1495 1157 1521 nomen

41 1536 211 1576 Domini
227 1564 238 1576 .

98 1590 188 1631 106..
217 1590 294 1629 Sed
320 1590 512 1642 quidquid
539 1591 586 1628 sit
613 1588 661 1625 de
701 1587 939 1640 temporibus
967 1586 1158 1626 11111εᾶ1111-

37 1645 192 1691 vimis,
221 1641 321 1681 illud
349 1651 450 1679 certe
477 1639 659 1679 mirabile
687 1648 768 1688 est,
804 1654 936 1679 veram
964 1639 1038 1678 Dei
1064 1641 1155 1679 reli-

40 1697 195 1747 gionem
213 1724 223 1743 ‚
252 1708 373 1746 quam
400 1694 481 1733 Noe
508 1693 601 1731 filiis
620 1693 885 1743 ac'nepotibus
905 1704 1044 1742 puram
1074 1694 1154 1729 sine

41 1748 164 1787 dubio
192 1747 374 1792 tradidit,
403 1746 518 1783 fuisse
537 1751 614 1782 non
632 1741 854 1794 multo-‘post
869 1771 880 1791 ,
909 1743 1052 1780 scilicet
1071 1744 1154 1795 ipso

36 1799 121 1839 Noe
147 1798 274 1837 adhuc
294 1799 442 1836 vivente
457 1825 470 1844 ‚
499 1796 612 1834 foeda<
623 1796 886 1847 superstitione
907 1804 1158 1846 corruptam.

38 1851 122 1891 Noe
151 1851 182 1889 si
215 1850 341 1889 uidem
371 1850 449 1887 vita
478 1848 633 1896 functus
654 1856 708 1886 est
736 1851 834 1887 anno
851 1857 935 1901 post
963 1848 1158 1887 diluvium

36 1901 134 1945 550.
165 1865 314 1941 qunes.
335 1901 407 1941 IX.
440 1901 504 1941 28.
521 1932 532 1950 ,
562 1901 636 1940 hoc
665 1908 717 1940 est
745 1902 852 1940 circa
880 1911 1030 1955 tempus
1057 1904 1157 1941 nati-

40 1957 169 1997 vitatis
198 1955 368 1995 Abrahae
387 1985 398 2005 ‚
427 1953 671 2006 cujus'Pater
701 1954 831 1994 Thare
859 1953 941 2006 jam
969 1956 1158 1995 serviebat

36 2010 115 2050 diis
142 2007 281 2048 alienis
308 2008 428 2048 Josue
455 2006 613 2048 XXIV.
644 2022 683 2048 2.
715 2008 810 2061 (a).
839 2009 964 2048 Immo
992 2010 1025 2048 si
1052 2010 1157 2048 Jose-

38 2063 117 2116 pho
144 2062 239 2101 fides
267 2071 319 2101 est
348 2063 436 2103 Lib.
466 2063 498 2102 Ι.
527 2065 654 2114 antiq.
683 2061 841 2101 Jtcdaic.
870 2065 957 2115 c'ap.
983 2077 1021 2115 7.
1063 2064 1158 2102 ad‘eo

39 2125 130 2156 tunc
158 2117 339 2169 temporis
367 2125 473 2157 vetus
501 2130 546 2155 ac
573 2124 674 2169 pura
701 2114 838 2168 religio
878 2117 1091 2157 deformata
1117 2131 1158 2156 e·-

38 2179 126 2219 rat,
156 2178 196 2208 nt
215 2168 414 2209 Abraham
442 2173 594 2222 primus
613 2182 736 2208 ausus
764 2174 814 2208 sit
843 2168 1057 2209 declarare
1074 2201 1083 2218 ‚
1113 2183 1159 2208 u-

39 2234 140 2260 num
160 2235 247 2262 esse
267 2222 401 2262 Deum
418 2253 430 2271 ‚
459 2230 594 2262 rerum
614 2226 797 2262 omnium
825 2223 1033 2276 opificem.
1063 2224 1158 2263 For-

42 2285 139 2318 tasse
168 2284 298 2315 autem
318 2275 519 2317 Abraham
545 2285 705 2331 patrem
723 2290 838 2317 suum
859 2276 987 2318 Thare
1008 2278 1056 2318 ad
1076 2277 1161 2317 cul·

2212 131 2263 176 51

1217 210 1301 240 tum
1321 204 1401 242 veri
1417 202 1491 242 Dei
1512 202 1722 251 convertit,
1751 208 1792 241 ut
1820 205 1979 255 proinde
2007 219 2095 246 vere
2114 206 2240 248 dicere
2260 226 2326 265 pon

1217 257 1330 296 tuerit
1357 256 1398 295 S.
1428 256 1660 308 Augustinus
1688 256 1776 295 Lib.
1808 256 1916 297 XVI.
1959 260 2006 298 de
2037 258 2146 300 Civic.
2175 261 2254 302 Dei
2290 281 2325 306 c.

1222 309 1284 348 15.
1314 308 1478 347 domum
1504 308 1638 348 Thare
1665 315 1977 360 persecutionem
2004 326 2176 364 passam
2189 316 2325 369 fuisse

1218 373 1247 399 α.
1280 360 1479 400 Clmldaeis
1505 376 1576 414 pro
1604 376 1698 402 vera
1724 367 1899 415 pietate,
1929 380 2008 418 qua.
2028 381 2128 407 unus
2146 370 2196 411 (J
2215 385 2327 411 verus

1217 413 1269 452 ab
1299 419 1354 452 eis
1383 415 1583 453 colebatur
1611 416 1750 456 Deus.

1278 479 1367 518 107.
1397 466 1480 506 Post
1508 479 1636 508 autem
1665 472 1717 510 ita
1745 479 1820 509 toto
1849 479 2038 511 terrarum
2073 474 2164 512 orbe
2193 476 2330 518 dilata·-

1218 527 1277 562 tus
1305 529 1358 559 est
1386 534 1507 560 vanus
1535 523 1726 562 idolorum
1755 524 1905 574 cultus,
1935 535 1975 564 ut
1994 526 2127 565 Cicero
2156 541 2242 568 vere
2270 532 2329 570 di-

1218 587 1303 612 cere
1331 577 1497 626 potuerit
1526 575 1615 614 Lib.
1646 578 1694 615 Il.
1724 577 1772 616 de
1801 577 1964 617 divinat.
1993 594 2080 632 cap.
2103 594 2167 632 72.
2196 596 2329 634 supere

1218 631 1320 665 siitio
1337 625 1444 678 fusa
1472 641 1542 678 per
1569 639 1706 680 gentes
1734 636 1924 682 oppressit
1951 638 2133 672 omnium
2154 635 2252 687 fere
2282 651 2327 676 a-

1218 684 1350 718 nimos
1367 710 1378 728 ,
1407 689 1527 732 atque
1555 681 1757 722 hominum
1774 685 2085 726 imbecillitatem
2105 696 2331 742 occuparit.

1219 733 1269 772 Et
1297 747 1521 786 quanquam
1551 734 1746 787 aliquibus
1774 752 1844 791 ope
1873 742 2030 779 sanioris
2072 740 2330 796 philosophiae

1217 787 1266 825 de
1296 788 1437 825 unitate
1466 788 1541 826 Dei
1569 786 1681 840 plane
1710 790 1758 828 ad
1786 794 1983 832 veritatem
2021 808 2246 846 persuasum
2275 811 2332 837 es—

1218 848 1300 888 set,
1329 840 1447 879 iidem
1476 849 1603 881 tamen
1632 842 1735 894 ipsi,
1764 846 1872 895 quasi
1902 849 2073 886 torrentis
2102 850 2250 902 impetu
2270 864 2332 890 ra-

1220 895 1278 945 pti
1298 893 1489 946 ‘pluribus
1516 894 1740 934 hominibus
1768 898 1944 936 divinum
1972 900 2118 940 cultum
2148 902 2333 942 adhibere

1220 959 1296 985 non
1325 947 1580 997 verebantur,
1622 949 1741 987 donec
1772 951 1924 989 tandem
1954 952 2059 992 Deus
2095 956 2332 996 diabolicam

1223 1002 1526 1053 superstitionem
1544 1031 1554 1049 ‚
1585 1011 1624 1039 ut
1643 1001 1684 1040 S.
1706 1003 1805 1054 Aug.
1830 1005 1880 1041 ait
1910 1005 1954 1043 L.
1977 1006 2044 1044 IV.
2073 1007 2122 1046 <le
2150 1014 2221 1048 cir.
2251 1010 2332 1049 Dei

1222 1067 1259 1093 c.
1290 1053 1354 1093 56.
1384 1067 1453 1104 per
1481 1055 1727 1093 altissimam
1759 1055 1899 1095 Christi
1936 1056 2226 1110 humilitatem,
2262 1076 2332 1114 per

1221 1106 1498 1158 Apostolorum
1526 1108 1857 1158 praedicationem
1876 1141 1887 1160 ,
1915 1124 1986 1162 per
2001 1113 2136 1165 fidem
2165 1116 2334 1170 filans<-

1215 1173 1313 1198 ·rum
1341 1174 1410 1210 pro
1438 1165 1603 1201 veritate
1645 1168 1900 1202 morientium
1917 1195 1927 1212 ‚
1969 1166 2019 1206 ὅ)
2047 1179 2138 1204 cum
2167 1174 2333 1210 veritate

1222 1217 1453 1265 viventium,
1481 1229 1561 1253 non
1590 1217 1718 1254 solum
1748 1222 1789 1255 in
1817 1218 1996 1256 cordibus
2024 1221 2237 1273 religiosis,
2273 1237 2335 1261 rea

1220 1280 1312 1305 rum
1341 1272 1467 1307 etiam
1496 1273 1538 1307 ἱη
1567 1268 1715 1308 oedibus
1734 1276 2010 1322 superstitiosis
2030 1273 2153 1312 libera
2171 1288 2334 1314 suerum

1221 1324 1403 1361 servitute
1433 1322 1615 1362 subvertit
1654 1323 1711 1375 (b)
1730 1350 1741 1362 .

1282 1375 1371 1414 108.
1400 1375 1486 1415 Non
1516 1390 1592 1416 uno
1620 1385 1746 1416 tamen
1776 1378 1888 1417 modo
1917 1393 2020 1419 caeca
2039 1381 2225 1432 gentilitas
2253 1383 2335 1421 ido-⁴

1223 1426 1386 1466 lolatriae
1416 1431 1680 1481 superstitione
1708 1431 1919 1484 peccabat,
1963 1443 2003 1471 ut
2030 1434 2071 1473 S.
2102 1435 2178 1473 Th.
2207 1436 2335 1474 obser-

1224 1489 1288 1519 vat
1318 1495 1356 1520 2.
1388 1494 1424 1519 2.
1454 1497 1493 1534 q.
1523 1482 1591 1534 94.
1620 1492 1689 1521 art.
1717 1497 1749 1521 1.
1794 1485 1964 1531 Quidam
1993 1489 2096 1524 enim
2126 1488 2335 1529 simulacra

1227 1532 1451 1572 manufaEia
1468 1563 1478 1582 ,
1508 1545 1547 1572 ut
1567 1536 1668 1573 Deos
1696 1536 1894 1585 colebant,
1926 1548 2098 1589 putantes
2127 1540 2271 1579 scilicet
2290 1556 2336 1580 ea.

1227 1599 1250 1623 a
1279 1585 1352 1624 diis
1381 1586 1647 1639 inexplicabili
1667 1589 1833 1641 quadam
1851 1592 1993 1630 ratione
2013 1593 2199 1639 animari;
2229 1595 2332 1647 quod

1229 1638 1323 1676 adeo
1351 1639 1481 1676 multis
1510 1654 1629 1677 sacrae
1656 1643 1857 1692 scripturae
1888 1642 1981 1682 locis
2008 1645 2251 1695 declaratur,
2295 1656 2336 1685 ut

1229 1688 1412 1727 mirabile
1439 1691 1563 1728 videri
1590 1692 1750 1740 debeat,
1777 1697 1941 1744 potuisse
1961 1696 1998 1733 id
2027 1698 2077 1734 ab
2096 1698 2337 1752 OEcolampa=

1228 1740 1318 1788 dio,
1347 1741 1534 1790 Calvino,
1565 1742 1728 1795 aliisque
1756 1743 2006 1786 haeterodoxis
2026 1752 2183 1802 negari.
2214 1752 2255 1789 Id
2276 1753 2337 1790 lu-

1225 1792 1396 1831 culenter
1424 1797 1554 1833 asserit
1581 1796 1765 1836 Jeremias
1794 1813 1880 1851 cap.
1910 1801 1958 1839 ll.
1990 1815 2054 1852 27.
2090 1803 2264 1843 dicentes
2293 1806 2337 1843 li-

1223 1859 1331 1899 gno,
1368 1857 1484 1897 pater
1513 1862 1626 1887 meus
1662 1863 1704 1888 es
1733 1860 1800 1900 tu,
1838 1853 1888 1894 ζῇ·
1916 1854 2064 1906 lapidi,
2106 1865 2148 1894 tu
2177 1871 2242 1896 me
2269 1872 2338 1911 ge-

1225 1904 1372 1940 nuisti.
1418 1903 1538 1941 isaias*
1562 1912 1689 1942 autem
1732 1905 2024 1946 idololatrarum
2052 1911 2243 1949 insaniam
2286 1914 2339 1952 ita.

1224 1953 1386 2006 pulchre
1414 1956 1595 1994 describit
1623 1971 1658 1995 c.
1679 1956 1822 1997 XLIV.
1849 1960 1910 1998 13.
1940 1961 1974 1998 8(
1995 1976 2074 2015 seq.
2104 1963 2264 2016 Artifex
2293 1966 2338 2003 li-

1224 2011 1392 2060 gnarius
1482 2014 1651 2061 sumpsit
1678 2023 1731 2049 ex
1759 2015 1815 2051 eis
1859 2015 1875 2065 (
1904 2012 2018 2066 lignis
2049 2018 2063 2064 )
2101 2018 2151 2057 Θ·
2179 2018 2338 2071 calefa-

1224 2070 1312 2099 ctus
1336 2070 1427 2111 est,
1456 2062 1507 2103 &
1533 2063 1764 2115 succendit,
1793 2066 1842 2107 <¹9⁶
1872 2072 1981 2106 coxit
2007 2082 2159 2119 panes:
2197 2070 2246 2109 de
2274 2086 2337 2110 re-

1225 2115 1335 2166 liquo
1347 2124 1534 2166 operatus
1549 2126 1606 2156 est
1622 2117 1757 2157 Deum
1773 2149 1784 2168 ‚
1813 2120 1863 2160 (θ’
1883 2120 2065 2160 adoravit
2079 2137 2093 2160 .·
2109 2123 2216 2176 fecit
2234 2127 2336 2163 scut-

1225 2169 1318 2220 ptile
1340 2198 1350 2216 ,
1387 2169 1436 2209 ἐς)
1465 2180 1652 2209 curvatus
1678 2181 1737 2209 est
1765 2182 1863 2211 ante
1891 2175 2014 2213 illud:
2044 2178 2221 2216 medium
2249 2180 2336 2231 ejus

1226 2220 1441 2260 combussit
1466 2226 1575 2275 igni,
1605 2226 1654 2264 (9¹
1683 2224 1732 2263 de
1752 2226 1883 2264 medio
1910 2230 1997 2279 ejus
2016 2243 2184 2269 carnem
2205 2244 2334 2269 comee

1227 2275 1283 2314 dit
1303 2301 1345 2315 ...
1373 2276 1566 2328 reliquum
1595 2280 1839 2331 autemejus
1858 2278 1994 2319 Deum
2009 2282 2138 2335 fecit,
2166 2285 2216 2324 <9⁸
2235 2286 2336 2322 scul-

2205 2341 2280 2388 pti-

89 2430 141 2468 (α)
167 2429 220 2461 lta
243 2425 388 2472 quidem
411 2438 533 2463 omnes
559 2428 632 2463 fere
656 2431 867 2476 interpretes
894 2431 1058 2465 sentiunt
1081 2443 1164 2477 pro·
1207 2430 1353 2472 fluuium
1379 2430 1617 2464 habitaverunt
1641 2438 1758 2475 patres
1783 2435 1915 2472 vestri,
1940 2444 2028 2478 quos
2053 2434 2142 2469 solos
2167 2435 2274 2470 fuisse
2299 2437 2329 2470 ἱ-

38 2483 120 2519 pter
145 2474 208 2507 illa
232 2473 342 2508 verba
366 2474 471 2508 Josue
496 2476 633 2510 xxiv.
659 2487 692 2509 2.
727 2486 827 2514 trans
851 2478 999 2519 fluidum
1025 2479 1162 2512 habita-

39 2528 159 2555 verunt
183 2529 300 2564 patres
326 2524 433 2554 uestri
467 2522 509 2555 ab
533 2523 672 2562 initio-'5
700 2522 814 2556 There
835 2533 936 2567 pater
960 2525 1161 2566 Abraham,

41 2571 87 2598 (θ’
111 2565 282 2606 Νασῆον,
308 2570 561 2612 servieruntque
587 2569 661 2601 diis
687 2571 838 2602 alienis.
869 2568 935 2602 Sed
959 2570 1043 2604 huic
1066 2583 1163 2605 com-

41 2612 143 2646 muni
169 2612 405 2656 interpretum
423 2614 579 2658 opinioni
604 2625 639 2646 se
660 2625 696 2646 se
720 2615 881 2660 opposuit
906 2616 963 2648 vir
980 2625 1100 2650 nostro
1116 2630 1164 2650 ae-

41 2668 88 2690 vo
114 2656 340 2692 doctissimus
367 2659 514 2692 Alexius
541 2659 776 2704 Symmachus
802 2661 1006 2695 Mazochius
1042 2663 1077 2696 in
1103 2675 1165 2697 suo

41 2704 245 2749 Spicilegio
269 2705 397 2739 biblico
423 2705 466 2738 T.
493 2706 537 2739 11.
563 2717 598 2751 p.
630 2717 707 2740 121.
728 2706 917 2740 ostendens
933 2729 945 2748 ‚
978 2708 1075 2742 illam
1100 2721 1165 2754 pu-

40 2760 150 2795 gnare
177 2761 256 2784 cum
282 2751 324 2784 iis
339 2773 350 2792 ,
375 2760 452 2796 quse
478 2751 646 2797 leguntur
667 2751 805 2787 Judith.
823 2754 868 2787 V.
889 2766 922 2798 7.
948 2755 1083 2789 scilicet
1101 2766 1165 2801 po-

42 2796 168 2841 pulum
191 2797 427 2831 Israeliticum
461 2799 640 2843 originem
674 2800 824 2833 traxisse
859 2811 902 2834 ex
937 2807 1031 2834 terra
1055 2802 1165 2836 Chal-

43 2840 228 2884 daeorum,
257 2843 369 2877 exisse
396 2852 514 2878 autem
540 2844 644 2886 inde,
685 2848 717 2879 δε
739 2846 918 2880 habitasse
944 2848 980 2880 in
1003 2849 1166 2894 Mesopo·

43 2889 154 2922 tamia
167 2911 179 2930 ,
204 2893 356 2934 quoniam
374 2890 558 2925 noluerunt
579 2896 672 2937 sequi
686 2893 770 2926 deos
780 2901 910 2937 patrum
929 2907 1059 2928 suorum
1070 2917 1082 2936 ‚
1108 2898 1166 2939 qul*

47 2943 145 2967 erant
168 2939 206 2969 in
229 2945 323 2971 terra
348 2937 584 2972 Chaldaeorum
611 2944 685 2972 (Tc.
723 2938 815 2983 quod
849 2936 892 2973 de
920 2940 1038 2974 Thare
1063 2951 1164 2986 patre

47 2979 226 3015 Abraham
260 2981 397 3017 dictum
434 2984 541 3017 fuisse
578 2997 620 3018 ex
650 2984 738 3018 Gen.
764 2983 827 3019 XI.
865 2988 924 3020 31.
961 2987 1164 3030 colligitur.

49 3022 149 3058 Unde
186 3029 293 3061 etiam
320 3031 354 3062 S.
379 3030 599 3074 Augustinus
626 3032 704 3065 Lib.
730 3032 829 3065 XVI.
866 3034 909 3066 de
936 3034 1011 3067 Ciu.
1037 3034 1108 3068 Dei
1134 3046 1164 3068 c.

55 3071 112 3103 ¹3·
131 3071 237 3108 tradit
254 3095 265 3114 ‚
289 3076 420 3110 domum
437 3075 553 3110 Thare
569 3082 840 3122 persecutionem
857 3080 1121 3124 passamfui'sse
1145 3094 1166 3115 a

50 3116 224 3151 Chaldaeis
241 3132 301 3162 pro
326 3135 408 3156 oera-
427 3127 557 3167 pietate
584 3137 646 3168 qua
670 3137 753 3158 unus
779 3128 820 3158 (9⁴
847 3138 942 3159 verus
961 3127 1002 3159 ab
1028 3130 1081 3160 eis
1107 3141 1166 3161 co·

49 3163 182 3195 lebann-
208 3163 324 3198 Deus.
365 3169 486 3213 ltaque
514 3171 730 3205 versiculum
768 3171 868 3204 illum
894 3173 999 3206 Josue
1025 3174 1161 3207 XXIV.

46 3207 100 3241 ita
120 3209 318 3244 Mazochius
344 3214 612 3259 intelligendum
635 3226 759 3263 putat:
788 3225 883 3251 trans
895 3219 1040 3260 fluvium
1063 3220 1162 3254 habi-

50 3262 208 3288 taverunt
225 3255 346 3290 Patres
372 3265 475 3294 vestri
493 3275 512 3295 α
539 3266 659 3298 saeculo
691 3263 826 3303 (Thare
849 3274 948 3308 pater
965 3266 1138 3300 Abraham
1151 3288 1162 3307 ‚

51 3303 94 3333 (9⁴
120 3301 289 3341 Nachor)
330 3310 576 3353 servieruntque
601 3310 689 3344 Diis
723 3313 879 3351 alienis,
916 3320 954 3345 ut
991 3324 1029 3345 ea
1056 3313 1162 3347 verba

52 3352 302 3393 servieruntque
318 3348 404 3384 Diis
421 3355 549 3388 alienis
567 3356 637 3392 sint
655 3357 896 3403 conjungenda
911 3369 991 3393 cum
1005 3358 1046 3392 iis
1065 3367 1162 3395 trans

1214 2476 1405 2510 dololatras
1432 2477 1614 2521 Scriptura
1639 2479 1673 2510 S.
1702 2477 1839 2517 innuit;
1875 2489 1944 2512 non
1970 2489 2086 2514 autern
2114 2482 2333 2517 extendenda

1216 2522 1259 2557 ad
1285 2522 1402 2556 There
1418 2544 1429 2563 ,
1467 2526 1499 2556 δέ
1525 2523 1690 2563 Nachor,
1726 2534 1878 2568 quorum
1906 2526 2125 2560 solummodo
2151 2530 2245 2562 intra
2262 2542 2334 2574 ,pa-

1215 2569 1408 2604 renthesim
1434 2569 1493 2609 fit,
1517 2579 1555 2602 ut
1582 2569 1815 2610 indicaretur,
1843 2581 1950 2614 genus
1971 2573 2199 2607 Hebraeorum
2226 2576 2333 2609 fuisse

1216 2617 1521 2656 transamnicum‚
1548 2627 1614 2648 non
1641 2617 1752 2648 solum
1778 2628 1819 2649 ex
1848 2626 1947 2661 parte
1973 2621 2105 2663 patris,
2139 2620 2196 2653 sed
2224 2623 2332 2656 etiam

1215 2673 1258 2695 ex
1285 2670 1384 2706 parte
1410 2663 1559 2700 matri53
1586 2663 1669 2705 quia
1693 2661 1810 2695 Thare
1836 2675 1906 2696 non
1932 2667 2044 2698 solum
2071 2667 2137 2699 fuit
2163 2677 2262 2711 pater
2284 2670 2333 2701 A-

1216 2708 1393 2748 braham',
1419 2707 1508 2741 unde
1530 2707 1667 2741 Hebraei
1693 2717 1879 2752 paternum
1905 2721 2012 2754 genus
2030 2711 2218 2748 trahebant
2234 2736 2245 2755 ‚
2271 2714 2332 2747 sed.

1215 2755 1325 2788 etiam
1349 2755 1415 2788 fuit
1440 2763 1539 2799 pater
1565 2752 1731 2794 Nachom
1756 2753 1847 2788 unde
1873 2766 2073 2791 maternum
2089 2781 2098 2789 .

1266 2802 1314 2840 (b)
1341 2802 1392 2834 De
1417 2801 1548 2843 origine
1574 2798 1782 2834 idololatriae
1808 2811 1916 2846 agunt
1941 2815 1982 2837 ex
2011 2804 2202 2839 Catholicis
2221 2806 2334 2840 Euse-

1215 2845 1295 2881 bius
1323 2846 1402 2881 Lib.
1424 2848 1449 2879 1.
1474 2845 1621 2889 Praepar.
1647 2845 1779 2892 Evang.
1805 2860 1835 2881 c.
1861 2849 1896 2881 6.
1923 2850 2133 2883 contendens
2149 2872 2159 2890 ,
2184 2864 2259 2886 eam
2286 2853 2331 2886 ab

1216 2894 1400 2938 AEgyptiis
1425 2892 1540 2937 primo
1555 2901 1669 2925 ortam
1686 2905 1760 2926 esse
1773 2915 1785 2934 ,
1810 2892 1933 2927 deinde
1951 2896 1987 2928 in
2005 2896 2202 2938 Phaenices,
2229 2900 2331 2932 Grae-

1214 2951 1273 2973 cos
1290 2961 1301 2980 ,
1327 2952 1367 2973 ac
1392 2940 1427 2971 in
1453 2938 1620 2971 barbaros
1646 2941 1790 2984 populos
1816 2942 2062 2985 commigrasse
2078 2965 2088 2983 ‚
2118 2942 2154 2975 P.
2180 2946 2330 2988 August.

1216 2987 1357 3020 Calmet
1380 2984 1483 3018 Diss.
1516 2985 1560 3018 de
1585 2986 1731 3029 Origine
1756 2989 1987 3028 idololatrix,
2026 2989 2062 3021 P.
2090 2989 2329 3025 Toni-nemine

1216 3035 1260 3065 de
1286 3035 1311 3066 l’
1329 3033 1473 3075 Origine
1497 3032 1561 3065 cles
1577 3031 1700 3075 sables
1725 3034 1833 3066 Mem.
1870 3033 1911 3066 de
1939 3033 2102 3068 'Trevoux
2133 3039 2234 3080 ¹703·
2264 3038 2330 3070 Ba-

1217 3079 1293 3111 nier
1318 3080 1532 3122 explication
1555 3077 1640 3112 hist.
1667 3080 1732 3113 des
1748 3079 1869 3123 sables
1896 3080 2008 3114 Tomo
2032 3083 2057 3114 l.
2084 3082 2232 3127 Pluquet
2258 3083 2328 3116 Di-

1217 3130 1322 3158 ction.
1349 3126 1412 3158 (ἰω-
1430 3124 1587 3157 heresies
1607 3126 1699 3159 elis-c.
1724 3128 1861 3170 prelim.
1887 3127 2037 3171 aliique.
2063 3126 2117 3161 Ex
2143 3128 2328 3163 heterodo-

1215 3172 1269 3204 xis
1296 3179 1411 3204 autem
1436 3171 1490 3202 Jo.
1509 3171 1591 3204 Ger.
1616 3172 1760 3205 Vossius
1789 3173 1866 3206 Lib.
1895 3174 1920 3205 Ι.
1946 3175 1989 3207 de
2018 3177 2152 3219 origine
2179 3177 2329 3209 ι’(ἰοῐοῖιιΕ

1215 3223 1310 3258 triae,
1329 3215 1423 3249 Frid.
1436 3216 1666 3261 spanhemius
1678 3219 1713 3251 in
1726 3217 1825 3253 Hist.
1844 3217 1985 3252 Eccles.
1999 3218 2076 3254 Vet-
2092 3229 2173 3255 test.
2187 3222 2239 3255 Jo.
2254 3223 2326 3253 Sel-

1214 3264 1321 3298 denus
1349 3261 1487 3307 Proleg.
1513 3264 1557 3296 de
1582 3264 1668 3298 Diis
1695 3265 1832 3310 Syris,
1859 3267 2001 3300 Grotius
2029 3267 2064 3299 in
2090 3266 2234 3312 Explic.
2253 3267 2327 3300 De-

1215 3313 1351 3354 calogi,
1378 3308 1502 3342 Franc.
1523 3308 1682 3345 Buddeus
1708 3312 1742 3344 in
1769 3311 1869 3346 Hice.
1893 3310 1968 3346 Vet·
1997 3321 2078 3347 tesc-
2104 3314 2263 3358 pluribus
2289 3312 2325 3345 in

1214 3358 1297 3393 locis
1312 3377 1324 3398 ‚
1350 3367 1390 3391 ac
1406 3355 1461 3391 Jo.
1481 3356 1638 3392 Clericus
1659 3356 1797 3403 Proleg.
1822 3363 1858 3394 ε’[ι
1884 3357 2021 3395 Hester,
2042 3356 2144 3393 Eccl.
2170 3360 2261 3393 Sect.
2280 3359 2323 3392 11.
