2577 3633
305 115 396 164 ³44

234 193 442 236 stissstrasse3
463 187 574 240 >quod
601 184 743 226 divinae
763 183 1015 237 providentiae
1032 183 1186 230 tribuit,
1217 196 1268 221 ne
1283 184 1353 221 Se-

241 243 310 282 des
325 244 431 281 Petri
458 241 785 278 dehonestaretur
813 252 841 275 a
860 238 1003 276 duobus
1020 235 1352 289 Proesult‘hnsrgu-

238 296 441 340 'bernata,.;
469 307 634 345 quorum
664 291 870 330 discordioe
898 296 1055 344 signum
1073 320 1083 338 ‚
1113 291 1161 330 (9⁶
1193 289 1241 327 ab
1271 290 1352 328 Ec-

227 350 466 386 *clesiasticz's
495 346 640 400 legibus
669 347 849 384 alienum
878 355 968 390 851,-
1011 357 1100 396 quae
1130 344 1260 381 omnia
1289 344 1350 382 vel

237 401 326 440 aliis
354 402 602 454 scriptoribus
628 400 870 452 gravioribus
911 405 1147 451 repugnant,
1189 396 1249 437 vel
1276 397 1351 436 sal-

231 463 313 493 *tem
342 465 430 493 nota
458 468 535 493 non
564 463 671 492 erant
701 453 764 504 (a)
782 479 792 491 .

289 509 385 554 ἱ154.
415 509 533 548 Aliud
555 507 887 561 praevaricationis
907 504 1054 544 Liberii
1077 505 1210 542 fortius
1237 518 1349 557 argu-

229 572 410 601 mentum
439 562 551 601 nobis
580 560 758 598 exhibent
801 559 971 611 ejusdem
999 559 1147 596 Liberii
1178 558 1346 611 epistolae

229 618 276 654 ‘in
308 615 565 668 Fragmentz's
593 613 722 651 Sancti
752 611 922 660 Hilarii,
964 626 1057 664 quas
1081 613 1270 650 Batonius
1307 616 1348 650 ὶη

231 669 475 707 -Collectione
508 667 784 705 cresconiana
811 666 986 714 invenit,
1016 665 1050 703 δε
1079 680 1169 704 cum
1198 666 1346 704 duobus

235 725 402 776 antiquis
431 721 627 761 codicibus
649 720 926 772 manuscriptis
954 720 1238 771 accuratissime
1257 733 1345 757 con-

226 777 342 814 ttulit.
373 777 415 813 In
445 774 503 813 his
522 775 634 812 *enim
664 772 833 825 epistolis
861 772 1042 811 Liberius
1065 773 1207 811 'fatetur
1235 788 1272 810 se
1295 775 1345 811 A·

224 830 446 868 -thauasium
475 843 498 866 a
524 841 593 866 sua
634 828 905 865 communione
944 841 1136 879 separasse
1157 853 1168 864 .
1216 827 1346 864 Iniisse

231 892 358 921 autem
387 882 698 922 communionem
718 894 807 918 cum
828 881 1114 930 Orientalibus,
1145 889 1184 918 ut
1213 893 1343 917 eorum

226 937 410 990 precibus
438 936 487 974 ab
517 936 748 988 Imperatore
775 934 988 973 Constantio
1029 934 1249 972 facultatem
1286 947 1344 970 re-

225 991 400 1028 vertendi
417 989 577 1028 Romam
607 990 830 1040 impetraret
845 1015 855 1025 .
884 987 999 1026 Porro
1026 990 1073 1029 iis
1094 987 1260 1040 epistolis
1279 987 1345 1024 ad-

223 1058 275 1082 >eo
303 1054 512 1082 commotus
540 1043 614 1081 fuit
642 1043 799 1080 Sanctus
826 1041 1028 1091 Hilarius,
1072 1052 1111 1079 ut
1140 1042 1210 1079 sibi
1250 1051 1344 1078 tem-

229 1111 364 1149 perare
386 1111 467 1136 vnon
489 1097 686 1149 potuerit,
734 1098 829 1148 quin
859 1105 913 1133 ter
955 1095 1157 1134 anathema
1187 1094 1343 1133 Liberio

224 1153 515 1204 praevaricatori
546 1151 688 1188 diceret
718 1149 883 1202 Fragm.
915 1149 983 1187 Vl.
1015 1164 1121 1188 num.
1151 1148 1190 1187 ὃ.

291 1206 378 1244 155.
411 1206 457 1243 At
480 1217 575 1242 >vero
595 1217 717 1256 neque
734 1203 803 1241 hoc
820 1212 1112 1255 argumentum,
1144 1202 1244 1255 quod
1264 1203 1344 1254 pri-

229 1272 294 1297 ma
322 1260 445 1296 fronte
465 1259 721 1296 decretorium
743 1257 863 1295 videri
881 1265 1029 1307 potest,
1060 1255 1227 1294 muitum
1251 1269 1342 1308 pon-

220 1312 328 1350 «deris
358 1311 499 1359 habet,
534 1313 572 1349 vsi
601 1311 914 1357 consideremus,
956 1324 1051 1360 opus
1081 1308 1346 1361 Fragmento-

228 1378 318 1402 rum
349 1380 425 1402 esse
454 1364 659 1402 admodum
690 1362 960 1414 interpolatum
978 1392 989 1410 ,
1019 1362 1052 1398 8<
1075 1365 1249 1413 :primam
1279 1364 1344 1400 Li-

223 1418 327 1457 berii
358 1416 553 1469 epistolam
585 1417 622 1454 in
653 1417 697 1454 iis
727 1425 944 1454 contentam
973 1414 1182 1467 pluribus,
1220 1416 1345 1466 gravi-

220 1472 374 1524 busque
402 1471 552 1508 Criticis
582 1470 702 1508 videri
740 1469 994 1508 adulterinam
1013 1499 1023 1517 ,
1068 1478 1181 1522 atque
1211 1469 1259 1507 ab
1291 1471 1342 1507 A·

224 1528 342 1564 rianis
356 1524 557 1564 confictam
574 1554 586 1572 ‚
617 1523 718 1577 quod
735 1538 808 1562 non
825 1523 948 1561 levem
964 1524 1218 1575 suspicionem
1241 1537 1340 1574 prae-

223 1579 317 1628 het,
364 1580 478 1616 etiam
507 1588 649 1616 ceteras
693 1591 737 1615 ex
759 1578 900 1615 eadem
943 1576 1096 1614 officina
1124 1577 1307 1629 prodiisse
1329 1603 1340 1615 .

218 1634 335 1671 Certe
365 1632 502 1670 harum
533 1630 779 1685 epistolarum
809 1631 915 1669 nulla
948 1629 1111 1668 habetur
1139 1633 1281 1668 mentio
1300 1646 1340 1668 a-

221 1687 305 1739 pud
335 1686 615 1733 Athanasium,
647 1685 842 1723 Hilarium
859 1715 870 1734 ,
900 1684 1111 1736 Sulpitium
1128 1683 1338 1734 Severum,

224 1741 416 1780 Socratem
436 1771 446 1788 ,
477 1740 754 1788 Sozomenum‚
786 1738 1092 1786 Theodoretum‚
1122 1748 1339 1791 ceterosque

223 1804 366 1833 veteres
396 1794 605 1846 Scriptores
626 1820 637 1831 .

284 1847 372 1885 156.
402 1847 517 1884 Porro
544 1848 689 1883 trinum
729 1845 830 1883 illud
872 1845 1074 1883 anathema
1109 1845 1160 1882 ab
1189 1846 1339 1884 Hilario

226 1903 269 1941 in
300 1898 547 1952 Fragmento
576 1899 644 1936 Vl.
675 1899 820 1936 dictum
851 1897 1034 1945 Liberio,
1068 1897 1192 1935 aliena
1222 1912 1339 1936 manu

223 1956 410 1994 insertum
441 1952 609 2004 judicant
631 1953 769 1990 Critici
811 1951 1047 1999 doctissimi,
1092 1960 1131 1988 ut
1159 1951 1340 1990 Baronius

228 2011 246 2059 ¹(
277 2008 323 2045 ad
352 2021 493 2045 annum
525 2006 618 2055 557.
648 2019 756 2042 num.
779 2005 844 2041 50.
873 2004 907 2039 &
937 2019 1014 2056 seq,
1047 2004 1090 2052 )‚
1121 2003 1267 2043 Natalis
1289 2006 1339 2043 Α·

224 2061 407 2100 lexander
432 2062 453 2110 (
483 2059 642 2096 Dissert.
675 2058 740 2095 52.
778 2058 817 2094 in
847 2057 982 2094 saecul.
1011 2056 1079 2094 IV.
1123 2066 1192 2094 art.
1230 2071 1262 2095 1.
1293 2058 1337 2106 ),

225 2114 260 2150 ἃ
291 2114 445 2151 editores
476 2111 708 2149 Benedictini
739 2111 814 2161 (in
844 2118 928 2147 nota
956 2111 1002 2148 ad
1025 2108 1127 2147 hunc
1149 2109 1276 2148 locum
1300 2113 1338 2159 ).

223 2167 276 2207 Et
299 2181 389 2206 sane
418 2180 507 2204 cum
535 2164 858 2217 Fragmentorum
895 2177 990 2216 opus
1019 2164 1163 2201 editum
1196 2164 1339 2213 fuerit,

221 2230 427 2275 postquam
457 2219 636 2259 Liberius
665 2231 820 2255 omnem
862 2219 1037 2269 pristinae
1070 2218 1232 2269 ignaviae
1251 2248 1261 2266 ,
1309 2219 1340 2256 si

225 2289 344 2328 qnam
374 2274 603 2321 admiserat,
651 2270 779 2310 labem
822 2270 1025 2309 deterserat
1067 2274 1081 2322 (
1114 2280 1152 2308 ut
1182 2272 1340 2310 editores

223 2328 403 2368 Maurini
427 2326 595 2380 probant
623 2327 660 2364 iu
687 2325 842 2379 praefat.
867 2324 888 2374 ,)
917 2338 991 2364 non
1021 2334 1073 2365 est
1101 2325 1339 2375 verisimile,

222 2476 338 2513 §gnant
354 2490 361 2500 .
388 2465 544 2500 Vide-sis
564 2466 839 2500 *Tillemontium
864 2466 898 2500 in
926 2465 1104 2500 Turn-VI.
1130 2464 1340 2500 l'ffomzment.

224 2516 368 2548 Histor-
396 2514 610 2548 Ecclesiast.
636 2523 702 2547 art.
729 2515 786 2556 84.
830 2522 910 2547 nota
937 2514 994 2556 69.
1030 2513 1090 2558 qni
1118 2521 1235 2545 tamen
1273 2525 1339 2546 non

225 2561 444 2606 ,impossihile
470 2569 634 2605 reputat,
674 2559 766 2604 qnod
791 2561 960 2594 Baronins
988 2560 1084 2604 ipse,
1116 2558 1339 2602 Blondeltus‚

229 2610 358 2653 aliique
384 2606 605 2641 crediderunt
621 2628 632 2646 ‚
657 2607 835 2641 Liberium
862 2608 896 2639 in
926 2607 1123 2640 caemeterio
1138 2607 1272 2639 Sanctae
1291 2607 1342 2639 A·

226 2656 343 2699 ³gnetis
368 2667 476 2698 usque
504 2653 546 2687 ad
572 2663 722 2687 mortem
748 2654 946 2687 Constantii
971 2652 1149 2686 delituisse
1169 2675 1176 2683 .

276 2705 322 2739 (a)
355 2701 516 2733 Hermias
545 2702 754 2734 Sozomenus
780 2712 879 2733 snam
904 2700 1089 2733 historiam
1114 2699 1213 2743 quasi
1250 2699 1339 2732 inte-

230 2757 293 2791 gro
319 2748 445 2779 saecnlo
470 2755 588 2791 postea
625 2747 858 2791 conscripsit3
898 2758 979 2780 cum
1014 2747 1107 2779 enim
1132 2747 1168 2778 in
1203 2747 1340 2791 praefat.

227 2795 416 2837 promittat
432 2815 442 2833 ‚
478 2806 513 2826 se
539 2805 615 2826 eam
640 2792 893 2838 perducturum
917 2804 1025 2838 usqne
1052 2792 1092 2825 ad
1120 2793 1341 2826 consulatum

230 2841 312 2873 ΧΗ.
341 2838 526 2874 Theodosii
545 2840 732 2881 -Junioris,
761 2841 821 2872 -cni
848 2852 925 2873 eam
953 2848 1239 2884 nuncupaverat,
1274 2839 1340 2872 hoc

229 2896 282 2919 est
309 2899 418 2931 usqne
445 2886 487 2919 ad
513 2898 643 2919 annum
669 2887 776 2929 439.,
802 2896 967 2931 apparet,
998 2887 1134 2919 nonnisi
1161 2886 1226 2919 hoc
1253 2894 1341 2918 tem-

227 2944 309 2976 pore
336 2946 413 2965 91111]
452 2945 595 2966 manum
619 2933 714 2976 operi
753 2931 974 2967 admovisse.
1017 2933 1119 2965 Illam
1154 2932 1339 2966 historiam

231 2981 351 3010 multis
378 2989 509 3013 scatere
534 2978 669 3012 mendis
694 2979 893 3013 observavit
909 2981 956 3012 D.
976 2980 1122 3012 Conssin
1139 3001 1149 3019 ‚
1176 2982 1208 3011 &
1234 2980 1340 3012 fuisse

231 3025 337 3056 etiam
364 3038 379 3058 a
397 3025 479 3058 Sede
493 3026 693 3071 Apostolica
717 3026 885 3071 rejectam
903 3038 1008 3071 supra
1024 3027 1224 3059 notavimus
1243 3038 1338 3058 num.

236 3070 314 3110 144.
350 3072 570 3116 “Nicephorns
607 3071 747 3116 quidem
774 3075 942 3106 Callistus
979 3074 1192 3113 Sozomeno,
1234 3084 1341 3117 quem

233 3116 456 3159 exscripsisse
490 3118 652 3159 videtur,
688 3121 883 3153 consentit.
927 3117 993 3152 Sed
1019 3119 1236 3163 Nic-ephorus
1271 3131 1341 3152 non

234 3162 379 3201 floruit,
407 3164 469 3196 nisi
494 3166 608 3198 multo
636 3166 770 3206 serius,
809 3165 970 3199 videlicet
997 3167 1129 3198 Saecnlo
1156 3167 1277 3207 X1V.‚
1311 3169 1344 3198 &

233 3221 303 3242 non
330 3209 504 3243 immerito
541 3223 560 3243 a
585 3212 790 3246 Casaubono
829 3214 1022 3258 appellatus
1049 3213 1115 3246 fuit
1147 3213 1343 3257 fabularum

231 3267 349 3289 auctor
380 3267 407 3287 1.

282 3303 328 3339 (b)
354 3301 491 3334 'Totum
515 3301 792 3345 Fragmentorzzm
815 3316 902 3349 opus
933 3317 1003 3339 non
1037 3316 1109 3339 esse
1134 3306 1253 3339 Sancti
1279 3305 1344 3338 ‘Hi-

232 3347 340 3387 larii,
365 3347 424 3382 sed
452 3358 593 3383 incer-tae
619 3350 732 3383 aetatis
758 3352 908 3385 auctoris
925 3373 935 3391 ,
961 3353 1122 3396 opinatus
1139 3361 1192 3386 est
1207 3352 1344 3385 Ellieus

961 102 1374 148 111155-11111111111110
1407 103 1490 148 iv.
1528 100 1665 147 oar.
1697 104 1754 147 V..
1788 161 1791 164 .

1419 184 1583 222 voluisse
1613 183 1742 221 Sanct.
1773 181 1969 222 Hilarium
1999 190 2078 222 tem
2121 182 2326 223 crudeliter
2352 183 2539 236 Lffier'io,

1413 247 1618 291 *postquam
1649 238 1886 288 resipuerat,
1917 236 2119 286 insultare,
2150 248 2214 276 aut
2233 238 2367 276 saltem
2385 239 2534 278 nullam

1420 290 1502 343 ejus
1532 291 1800 342 resipiscentiae
1831 290 2064 327 mentionem
2095 292 2219 330 facere
2249 291 2334 344 (b).

1480 346 1565 396 157.
1595 342 1808 382 Difficilior
1836 343 2022 394 quidem,
2068 344 2213 392 fateor,
2261 345 2452 399 explicatu
2481 355 2537 386 est

1419 397 1513 436 alter
1543 398 1646 435 locus
1675 396 1805 435 Sancti
1834 396 1979 434 Hilarii
2007 404 2108 433 certe
2136 400 2320 447 genuinus
2350 413 2395 437 ex
2414 400 2538 439 Libro

1417 453 1505 490 adv.
1534 452 1795 488 Constantium
1824 464 1933 488 num.
1966 463 2059 498 2¹..‚
2091 449 2158 487 ubi
2189 452 2240 488 ita
2257 452 2534 504 Imperatorem

1417 505 1647 557 alloquitur:
1708 501 1746 540 V
1744 507 1868 541 ertistz'
1911 516 2031 553 usque
2073 502 2129 540 ad
2168 502 2345 542 Romam
2384 505 2531 545 ‘bellum

1417 568 1556 595 tuum:
1597 560 1771 607 eripuisti
1800 557 1906 595 illinc
1934 556 2176 607 Episcopum
2207 560 2221 607 (
2252 557 2454 597 Liberium
2483 561 2529 611 ),

1415 612 1464 652 ὅ)
1494 625 1517 649 ο
1546 620 1583 648 te
1613 614 1833 658 miserum,
1863 614 1927 662 qui
1957 614 2090 648 nescio
2117 619 2250 647 utrum
2281 613 2442 664 majore
2457 616 2531 650 im-

1414 670 1560 716 pietate
1589 665 1826 717 relegaveris
1843 695 1852 712 ,
1881 678 2004 715 quam
2026 666 2260 702 remiseris!
2289 666 2388 714 Quae
2410 666 2531 706 verba

1412 721 1452 756 in
1484 718 1677 766 naturali,
1708 718 1741 753 ἃ
1770 718 1884 756 obvio
1913 732 2021 756 sensu
2052 717 2273 756 violentiam
2293 719 2531 771 significant,

1412 787 1489 825 qua
1516 773 1726 825 Imperator
1750 771 1956 810 Liberium
1999 771 2047 809 ad
2076 774 2421 823 praevaricandum
2464 775 2531 812 ad-

1415 827 1489 878 egit
1510 853 1520 865 .

1473 880 1561 919 158.
1592 880 1672 928 Qui
1713 887 1840 918 tamen
1868 878 2072 918 Liberium
2117 878 2356 930 defendunt,
2402 882 2529 920 statim

1410 942 1629 985 reponunt,
1676 934 1859 972 Sanctum
1888 933 2088 971 Hilarium
2118 933 2338 972 dubitanter
2365 935 2531 973 dixisse:

1408 991 1547 1025 nescio
1576 997 1708 1025 utrum
1738 987 1836 1036 δια,
1866 989 1960 1039 quia
1989 987 2034 1024 de
2056 987 2205 1025 Liberii
2234 986 2345 1041 lapsu
2372 989 2530 1027 'fortasse

1411 1041 1580 1079 incertus
1609 1050 1712 1088 erat;
1746 1041 1806 1079 vel
1837 1043 1951 1078 etiam
1980 1042 2143 1092 digitum
2173 1042 2375 1080 intendisse
2395 1042 2450 1080 *ad
2480 1041 2531 1080 it-

1411 1093 1466 1132 las
1496 1095 1704 1133 Constantii
1728 1095 1901 1141 litteras,
1929 1094 2072 1147 quibus
2101 1095 2305 1133 Liberium
2334 1110 2410 1134 una
2439 1110 2530 1134 cum

1412 1147 1545 1185 Felice
1574 1150 1613 1186 in
1644 1147 1818 1187 Romana
1847 1147 1946 1185 Petri
1976 1147 2155 1185 cathedra
2185 1148 2313 1186 sedere
2341 1149 2531 1201 jubebat.

1411 1200 1511 1239 Vide
1542 1215 1581 1239 sn
1616 1214 1657 1238 ra
1683 1215 1793 1239 num.
1830 1202 1916 1246 141.
1947 1210 2021 1238 not.

1475 1255 1560 1308 159.
1586 1216 1745 1292 K'lertius
1762 1285 1772 1303 ,
1803 1255 1911 1306 isque
1940 1254 2045 1291 omni
2075 1256 2298 1305 exceptione
2313 1255 2443 1308 *major
2462 1257 2529 1295 Li-

1412 1307 1514 1346 berii
1557 1308 1890 1360 vpraevaricationis
1925 1307 2033 1344 testis
2075 1316 2127 1344 est
2155 1308 2314 1345 Sanctus
2361 1309 2530 1348 Athana-

1409 1362 1490 1399 sius
1509 1392 1519 1410 ,
1550 1363 1616 1413 qui
1648 1371 1729 1400 tum
1760 1362 1798 1399 in
1816 1360 2008 1412 Apologia
2028 1368 2170 1397 contra
2185 1361 2414 1399 Arianos'in
2434 1364 2527 1400 duo-

1411 1415 1485 1453 bus
1515 1417 1691 1453 extremis
1721 1413 1971 1467 paragraphis
2001 1413 2067 1466 89.
2087 1412 2132 1449 s&
2161 1426 2226 1466 90.
2245 1443 2256 1461 ‚
2299 1423 2380 1451 tum
2412 1415 2528 1453 etiam

1412 1471 1581 1521 apertius
1623 1471 1660 1507 in
1690 1468 1871 1506 Historia
1914 1468 2161 1506 Arianorum
2205 1467 2260 1505 ad
2297 1466 2529 1506 Monachos

1410 1536 1519 1560 num.
1549 1523 1614 1568 41.
1659 1523 1860 1561 Liberium
1892 1530 1970 1574 post
1999 1520 2179 1559 biennale
2218 1521 2379 1559 exilium
2410 1522 2527 1560 fuisse

1408 1576 1566 1614 demum
1596 1576 1777 1616 violentia
1798 1577 2027 1615 Arianorum
2059 1576 2223 1614 fractum
2241 1606 2252 1625 ,
2282 1574 2527 1614 vehementer

1409 1630 1511 1668 dolet
1529 1658 1539 1669 .

1469 1684 1556 1723 160.
1586 1686 1669 1724 Hoc
1698 1694 1799 1724 certe
1827 1693 2093 1737 argumentum
2124 1692 2215 1722 esset
2237 1683 2351 1736 plane
2370 1684 2527 1723 demon-

1407 1740 1607 1777 strativum
1625 1771 1635 1787 ,
1665 1741 1736 1777 nisi
1756 1739 1872 1793 plane
1888 1740 1934 1777 ad
1956 1739 2187 1777 evidentiam
2209 1747 2416 1787 consta-ret,
2441 1738 2524 1775 haec

1405 1792 1482 1830 duo
1501 1792 1541 1831 S0
1563 1793 1760 1833 Athanasii
1789 1807 1906 1844 opera
1934 1803 2018 1830 ante
2039 1807 2180 1831 annum
2204 1793 2295 1844 557.
2325 1805 2403 1844 quo
2421 1806 2527 1830 com-

1406 1847 1576 1884 muniter
1605 1850 1781 1885 statuitur
1808 1847 1958 1885 Liberii
2000 1846 2158 1899 lapsus,
2206 1847 2322 1883 fuisse
2359 1847 2525 1884 conscri-

1406 1908 1498 1949 pta3
1527 1913 1604 1951 quo
1633 1901 1702 1949 fit,
1734 1910 1772 1938 ut
1800 1901 1885 1939 loca
1914 1899 1983 1938 illa
2010 1900 2135 1938 aliena
2156 1913 2271 1937 manu
2302 1901 2447 1937 intrusa
2467 1900 2525 1937 vi-

1406 1951 1588 1997 deantur3
1618 1955 1845 2005 praecipue,
1875 1956 1967 2007 quia
1998 1956 2111 1992 etiam
2141 1967 2320 2002 sensum,
2352 1952 2384 1988 81
2414 1951 2526 1991 colli-

1406 2007 1597 2055 gationem
1628 2020 1755 2044 rerum
1778 2008 2075 2057 praecedentium
2095 2007 2349 2059 perturbant.
2379 2005 2522 2057 Apolo-

1406 2060 1470 2108 gia
1498 2067 1626 2097 contra
1657 2061 1815 2098 Arianos
1844 2073 1917 2098 non
1947 2061 2012 2098 diu
2030 2069 2116 2113 post
2146 2074 2286 2098 annum
2306 2059 2396 2110 549.
2428 2060 2522 2097 scri-

1408 2120 1474 2162 pta
1503 2112 1670 2150 creditur
1698 2129 1720 2151 a
1748 2114 1975 2152 doctissimis
2004 2128 2164 2166 operum
2194 2113 2234 2151 S.
2258 2112 2451 2151 Athanasii
2483 2127 2521 2150 e—

1409 2164 1594 2202 ditoribus
1618 2165 1663 2202 in
1696 2167 1960 2203 Admonitione
1988 2167 2047 2204 illi
2076 2168 2306 2217 praemissa.

1471 2217 1556 2256 161.
1587 2218 1754 2256 Historia
1784 2231 1874 2255 vero
1904 2219 2149 2256 Atrianorum
2185 2219 2322 2256 iisdem
2364 2218 2523 2271 quidem

1408 2269 1481 2309 PP.
1511 2270 1704 2310 Maurinis
1733 2273 1872 2324 scripta
1903 2273 2053 2310 videtur
2083 2273 2186 2310 circa
2227 2286 2370 2310 annum
2400 2272 2522 2321 358.‚

1409 2325 1474 2364 sed
1500 2338 1578 2364 non
1608 2325 1685 2364 alia
1714 2326 1760 2364 de
1788 2340 1928 2376 causa,
1956 2327 2030 2365 nisi
2059 2327 2152 2380 quia
2177 2327 2219 2364 in
2247 2324 2319 2365 illa
2347 2339 2449 2364 mors
2468 2326 2522 2364 0-

2420 2381 2470 2418 sii

1407 2466 1585 2511 aninius
1606 2466 1771 2500 Tom211.
1797 2465 2040 2500 Bibliotheca.
2066 2465 2170 2501 Card.
2199 2473 2318 2499 autem
2333 2463 2521 2498 Perronius

1408 2514 1443 2546 in
1472 2514 1614 2557 Replica
1639 2516 1684 2547 ad
1710 2514 1837 2558 Regem
1852 2513 2041 2547 Britanniae
2067 2513 2153 2547 illud
2180 2513 2280 2546 alteri
2301 2512 2436 2545 Hilario
2450 2512 2521 2544 Lu-

1408 2561 1577 2593 ciferiano
1603 2559 1795 2594 adscribit.
1832 2561 1991 2594 Ruffinus
2018 2561 2053 2593 in
2080 2561 2199 2594 Tract.
2226 2561 2270 2592 cle
2294 2560 2522 2592 adulteratio-

1409 2620 1450 2640 ne
1477 2609 1642 2640 librorum
1668 2608 1833 2652 Origenis
1866 2606 1956 2652 apud
1982 2608 2099 2640 Sauct.
2126 2607 2384 2651 Hieronymum
2413 2605 2526 2638 'sorno

1410 2654 1473 2686 lX.
1500 2653 1586 2686 illud
1612 2666 1698 2698 opus
1725 2653 1768 2688 ab
1784 2655 1924 2688 Arianis
1951 2655 2199 2698 interpolatum
2219 2653 2323 2686 fuisse
2348 2650 2458 2691 dicit,
2482 2658 2524 2683 nt

1410 2711 1473 2732 nee
1493 2701 1651 2734 Hilarius
1670 2700 1810 2745 quidem
1836 2709 1952 2746 posset
1978 2699 2066 2733 illud
2085 2711 2268 2744 agnoscere
2283 2723 2291 2732 .
2315 2699 2450 2732 Norant
2467 2705 2521 2729 ta-

1408 2757 1488 2778 men
1514 2747 1641 2780 eruditi
1662 2748 1817 2781 Nlanrini
1845 2748 1880 2780 in
1906 2749 2042 2792 praefat.
2059 2769 2070 2788 ‚
2092 2759 2191 2780 num.
2211 2748 2244 2780 8.
2270 2746 2382 2779 multa
2400 2743 2521 2776 aRnf-

1407 2792 1479 2825 fino
1503 2794 1618 2826 afferri
1645 2803 1762 2838 aperte
1788 2795 1898 2828 falsa·
1930 2793 2009 2828 Vid.
2037 2795 2137 2827 Rem.
2165 2793 2307 2827 Ceillier
2331 2791 2428 2824 Hist.
2455 2791 2519 2822 des

1410 2839 1560 2872 Ant-eurs-
1587 2843 1714 2874 eccles.
1743 2842 1845 2874 Tom.
1871 2841 1915 2873 V.
1942 2853 2018 2886 cap.
2047 2842 2072 2873 Ι.
2100 2849 2167 2874 art.
2193 2851 2228 2883 9.
2258 2838 2410 2871 Primam
2437 2847 2520 2868 vero

1407 2886 1592 2929 epistolam
1619 2888 1750 2921 Liberii
1775 2889 1981 2932 fragmentis
2008 2888 2077 2920 illis
2103 2893 2300 2919 contentam
2327 2891 2365 2916 ut
2391 2893 2519 2927 suppo-

1407 2932 1556 2964 sititiam
1582 2934 1746 2977 rejiciunt
1774 2935 1898 2968 Critici
1930 2934 2141 2980 peritiores,
2185 2931 2350 2964 Baronius
2378 2928 2419 2961 ad
2456 2941 2519 2962 an-

1406 2990 1493 3010 num
1514 2979 1601 3010 352.
1627 2992 1723 3013 nnm-
1754 2982 1834 3020 13„
1861 2981 2021 3025 aninus
2041 2980 2140 3011 Tom.
2163 2980 2204 3011 tl·
2229 2976 2396 3010 Biblioch.
2417 2976 2518 3010 Bern-

1407 3025 1676 3059 Monfauconius
1705 3027 1805 3059 Tom.
1836 3029 1875 3060 ll.
1920 3027 2147 3060 Collectionis
2171 3037 2257 3056 7200ae
2282 3023 2418 3055 Patr-nm
2443 3022 2520 3056 ani-

1409 3070 1525 3103 madv.
1555 3082 1607 3103 20.
1637 3073 1671 3105 in
1698 3074 1730 3105 S.
1750 3073 1982 3107 Athanasium
1999 3093 2010 3111 ‚
2036 3072 2155 3103 Petrus
2173 3071 2399 3104 Constantius
2414 3069 2518 3102 Tom-

1411 3119 1438 3150 l.
1464 3120 1600 3160 epistol.
1617 3118 1754 3152 Roman.
1776 3119 1979 3162 Pontificum
2005 3119 2039 3149 in
2058 3117 2202 3161 append.
2223 3129 2300 3162 pag.
2315 3116 2373 3160 94.
2387 3138 2397 3156 ‚
2422 3113 2517 3148 laud-

1409 3175 1491 3197 mox
1518 3164 1617 3196 Rem.
1644 3166 1787 3198 Ceillier
1812 3177 1888 3210 pag.
1914 3163 1996 3206 404.
2028 3163 2186 3197 Editores
2213 3164 2368 3197 Manrini
2396 3163 2431 3195 in
2457 3173 2518 3194 no·-
2573 3201 2575 3203 ι

1411 3219 1446 3243 ta
1463 3232 1473 3250 ‚
1496 3210 1618 3242 Jnstns
1645 3212 1860 3245 Fontaninus
1888 3211 1922 3242 in
1941 3211 2037 3243 Hist.
2058 3211 2183 3244 Litter·
2202 3210 2424 3256 Aqizilejensi
2439 3208 2517 3241 Lib·

1409 3258 1472 3290 111.
1498 3268 1572 3300 cap.
1605 3269 1632 3289 1.
1659 3270 1755 3290 num.
1783 3258 1815 3290 5.
1853 3266 1957 3301 atque
1981 3259 2086 3290 etiam
2112 3259 2247 3291 Cavens
2272 3258 2309 3290 in
2332 3256 2431 3289 Hist·
2455 3257 2517 3288 lic-

1412 3311 1500 3342 ter.,
1525 3302 1585 3335 ubi
1610 3302 1651 3335 de
1671 3304 1811 3338 Liberio
1827 3326 1835 3335 .
1862 3304 1916 3336 An
1940 3302 2032 3337 idem
2054 3303 2227 3349 judicium
2253 3302 2295 3337 de
2320 3303 2398 3336 aliis
2422 3300 2516 3344 ejus-

1405 3348 1490 3383 dem
1515 3349 1646 3383 Liberii
1671 3351 1827 3395 epistolis
1854 3351 1937 3383 ferri
1963 3349 2109 3392 debeat,
2135 3363 2202 3386 non
2221 3351 2324 3385 facile
2341 3347 2512 3382 dixerim.
