2577 3633
213 99 296 129 202

150 169 314 203 natione
341 175 425 212 cap.
451 159 511 197 16.
540 157 632 195 Erit
659 168 711 194 ne
739 152 906 205 aliquid,
936 154 1038 205 quod
1065 168 1118 191 ex
1139 151 1258 192 nili-ilo

150 223 327 262 oriatur,
357 223 428 250 aut
455 217 495 250 in
525 210 689 248 nihilum
717 207 912 246 occidat?
943 207 1039 257 Quis
1059 207 1128 245 hoc
1149 207 1258 260 Phy-

147 275 250 309 sicus
278 266 377 304 dixit·
406 263 622 315 unquam?

205 324 268 358 50.
298 319 409 371 Resp.
427 349 438 366 ,
466 317 615 354 nullam
645 312 802 367 quidem
830 312 1030 353 creationis
1060 326 1105 351 ex
1134 312 1257 352 nihilo

145 375 270 413 ideam
299 371 521 411 sensibilem
538 400 549 418 ,
580 369 613 404 St
630 369 903 421 phantasticam
920 367 1112 405 efformari
1133 381 1253 419 posse,

149 424 304 479 qualem
335 427 373 463 in
398 423 703 476 generationibus
725 421 910 460 habemus
927 449 938 469 ,
967 434 1055 472 quac
1078 433 1122 458 ex
1156 435 1254 472 prae-

144 480 290 532 jacente
319 477 490 530 subjecto
517 478 637 522 fiunt;
667 482 785 527 potest
813 483 938 511 tamen
970 473 1085 511 facile
1113 473 1253 512 intelli-

143 535 204 584 gi,
234 534 399 584 primam
430 545 559 569 rerum
589 529 763 566 omnium
792 526 1080 579 productionem
1112 528 1252 566 factam

144 601 221 624 esse
251 598 294 622 ex
323 582 446 623 nihilo
474 597 563 622 cum
593 582 675 633 ipsa
715 582 811 618 ratio
838 580 996 627 doceat,
1045 587 1118 618 non
1149 595 1252 633 posse

142 641 182 683 in
211 639 458 692 productione
487 650 615 674 rerum
645 636 686 671 in
730 633 925 672 infinitum
955 645 1018 671 nos
1047 635 1250 686 progredi,

143 687 178 728 ἃ
208 702 404 744 propterea
432 691 579 728 tandem
604 685 902 740 perveniendum
917 701 995 725 esse
1014 688 1060 725 ad
1081 686 1251 740 aliquam

140 747 311 799 primam
340 757 469 783 rerum
497 742 811 794 productionem,
858 753 947 792 quae
978 753 1024 779 ex
1052 741 1176 780 nihilo
1205 743 1251 780 sit

142 801 239 837 facta
256 823 266 836 .

198 854 261 889 51.
292 848 391 888 Illud
420 856 546 888 autem
575 860 778 887 commune
806 846 1072 900 principium,
1110 861 1163 886 ex
1191 850 1250 884 ni-

140 905 216 942 hilo
245 903 416 956 nibilfit
430 916 564 943 verum
581 910 659 950 est,
689 903 720 940 si
742 910 840 939 recte
860 901 1115 953 intelligatur,
1144 913 1251 940 nem-

140 973 188 1011 pe
217 957 317 996 nihil
348 958 433 995 fieri
463 971 507 995 ex
537 954 689 1004 nihilo,
732 963 916 1007 tanquam
947 964 991 992 ex
1035 955 1250 1007 principie,

141 1011 201 1050 vel
231 1011 426 1062 subject05
458 1009 598 1049 salsum
628 1018 681 1046 est
709 1018 835 1047 autem
853 1038 864 1056 ,
894 1009 925 1046 si
955 1023 999 1046 ea
1028 1010 1172 1046 ratione
1191 1008 1251 1045 in-

139 1065 356 1117 telligatur,
400 1079 477 1116 qua
505 1064 610 1101 Deus
638 1063 876 1114 omnipotens
918 1061 1068 1110 effecit,
1113 1071 1151 1100 ut
1180 1074 1251 1108 ea,

140 1133 228 1172 quae
258 1128 343 1157 ante
374 1131 448 1156 non
479 1126 608 1165 erant,
638 1117 848 1167 inciperent
878 1129 981 1153 esse.

196 1175 259 1211 52.
289 1171 399 1219 Quod
436 1173 467 1209 si
499 1168 720 1222 Philosophi
761 1167 921 1221 gentiles
963 1168 1252 1206 obtenebratum

139 1224 318 1264 habentes
347 1224 582 1264 intellectum
612 1224 651 1263 id
679 1235 754 1260 non
786 1222 960 1261 viderunt
990 1222 1072 1272 (de
1101 1235 1177 1272 qua
1197 1230 1252 1257 ta-

138 1294 227 1318 men
258 1292 296 1316 re
324 1279 421 1317 acris
451 1286 502 1316 est
530 1279 627 1315 inter
653 1275 815 1314 eruditos
835 1275 1150 1324 controversia),
1181 1287 1254 1312 non

140 1341 340 1386 propterea
368 1333 564 1383 sequitur,
593 1331 632 1367 id
662 1342 739 1365 esse
767 1328 933 1366 falsum:
963 1340 1051 1365 nam
1074 1328 1194 1365 multa
1213 1341 1255 1365 a·

139 1387 196 1424 lia
225 1387 374 1423 suerunt
403 1385 451 1421 ab
482 1384 574 1433 ipsis
603 1385 794 1432 ignorata,
824 1394 914 1432 quae
937 1382 1030 1418 ratio
1052 1390 1175 1418 nostra
1195 1393 1254 1418 re-

140 1440 337 1477 velationis
365 1437 512 1475 lumine
541 1437 746 1474 confortata
776 1442 902 1487 postea
945 1433 1109 1472 feliciter
1148 1433 1255 1472 adin-

139 1494 244 1532 venit
260 1520 270 1529 .
303 1493 480 1530 Ceterum
509 1491 741 1528 creationem
762 1488 913 1526 lumine
938 1487 1100 1525 naturali
1122 1500 1255 1539 cogno-

139 1548 194 1585 sci
222 1558 355 1598 posse,
384 1553 468 1582 octo
495 1542 608 1596 plane
637 1543 871 1593 argumentis
887 1542 1026 1580 evincit
1056 1542 1256 1593 perdoctus

139 1599 280 1638 Bened.
310 1598 476 1637 Peterius
504 1597 595 1636 Lib.
624 1594 674 1634 V.
719 1594 767 1633 de
795 1607 1012 1633 commem.
1055 1597 1256 1646 principiis

140 1667 225 1706 cap.
258 1666 294 1705 7.

195 1706 258 1745 55.
290 1706 330 1744 ln
361 1719 403 1743 eo
431 1704 545 1743 etiam
573 1701 798 1755 corrigenda
827 1710 879 1742 est
912 1710 1040 1741 nostra
1070 1703 1258 1754 imagina-⁵

139 1761 219 1809 tio,
248 1760 350 1812 quod
379 1758 547 1797 nihilum
577 1759 815 1809 concipimus
833 1787 843 1806 ,
886 1758 995 1810 quasi
1028 1758 1257 1804 terminum,

138 1812 199 1852 vel
230 1823 442 1851 extremum
472 1811 656 1865 aliquod,
687 1810 842 1862 perinde
873 1825 917 1848 ac
947 1811 975 1848 si
998 1810 1137 1847 creatio
1167 1817 1259 1847 esset

138 1867 306 1904 duorum
336 1875 595 1903 extremorum
615 1864 730 1901 nihili
749 1893 758 1910 ,
789 1863 823 1898 &
841 1864 936 1900 entis
957 1864 1074 1907 unio;
1105 1876 1149 1898 ac
1171 1875 1257 1913 pro-

139 1920 231 1958 inde
260 1919 475 1970 superanda
505 1925 596 1955 esset
624 1915 803 1953 distantia
838 1915 990 1952 infinita
1032 1915 1128 1951 inter
1156 1912 1259 1950 nihi-

140 1973 224 2011 lum
242 2002 253 2020 ,
284 1972 319 2008 8(
347 1987 439 2010 ens.
471 1971 566 2008 Haec
596 1969 691 2006 falsa
719 1967 940 2019 imaginatio
970 1979 1014 2004 ex
1044 1980 1088 2003 eo
1116 1967 1258 2013 oritur,

141 2027 247 2079 quod
275 2028 500 2064 creationem
540 2022 808 2072 concipimus,
857 2020 965 2071 quasi
1007 2020 1258 2056 mutationem

140 2081 198 2118 rei
228 2079 274 2116 de
302 2091 376 2116 non
408 2090 484 2114 esse
512 2076 559 2113 ad
588 2088 662 2111 esse
681 2104 691 2122 ‚
721 2072 823 2125 quod
853 2081 980 2111 tamen
1009 2071 1148 2110 falsum
1180 2080 1259 2117 est3

142 2145 236 2171 nam
265 2131 422 2169 mutatio
451 2130 566 2181 exigit
594 2127 749 2180 aliquod
770 2124 988 2177 subjectum
1010 2127 1194 2163 transiens
1214 2124 1260 2162 de

143 2198 220 2225 uno
248 2187 410 2223 termino
438 2184 486 2221 ad
516 2181 637 2220 alium
655 2207 666 2219 .
708 2180 858 2218 Creatio
885 2181 1003 2232 igitur
1030 2178 1168 2216 melius
1198 2190 1263 2216 ex-

142 2240 309 2293 plicatur
338 2235 514 2290 exemplo
542 2235 724 2288 temporis
742 2263 752 2282 ,
781 2241 874 2285 puta
904 2247 992 2271 cum
1022 2232 1069 2270 de
1090 2237 1199 2270 mane
1219 2231 1263 2270 fit

145 2293 353 2340 meridies,
393 2304 465 2329 non
491 2289 603 2343 quasi
634 2301 744 2326 mane
771 2295 936 2325 transeat
965 2288 1003 2325 in
1032 2285 1262 2333 meridiem,

148 2356 213 2385 aut
242 2346 309 2385 fiat
336 2346 500 2383 duorum
522 2352 777 2381 extremorum
798 2342 888 2378 unio
903 2370 915 2389 ,
945 2341 1009 2379 sed
1028 2338 1150 2377 solum
1171 2339 1264 2391 quia

149 2400 329 2440 meridies
357 2398 525 2437 succedit
554 2396 717 2447 tempori
745 2394 958 2433 matutino:
997 2394 1051 2433 ita
1079 2394 1195 2430 etiam
1225 2392 1265 2430 in

148 2456 341 2493 creatione
371 2467 447 2490 esse
476 2451 529 2488 rei
559 2449 727 2488 succedit
755 2447 904 2486 nihilo.

205 2506 269 2552 54.
300 2508 387 2544 Inst.
416 2505 458 2543 Si
487 2505 592 2542 Deus
622 2500 837 2549 mundum,
885 2501 944 2539 vel
975 2499 1175 2539 materiam
1220 2507 1264 2535 ex

150 2558 269 2598 nihilo
298 2568 481 2606 creasset,
512 2556 572 2596 vel
602 2557 641 2594 id
670 2556 817 2593 fecisset
845 2554 894 2592 ab
912 2563 1080 2602 antei-nn,
1110 2551 1169 2591 vel
1191 2564 1265 2589 non

151 2614 200 2651 ab
230 2622 394 2651 aeterno:
423 2613 595 2664 primum
625 2617 723 2647 certe
753 2607 891 2646 falsum
922 2617 1003 2657 est,
1034 2609 1114 2646 imo
1133 2621 1155 2644 a
1184 2604 1266 2657 ple-

151 2669 278 2719 risque
308 2663 546 2718 impossibile
574 2671 798 2716 reputatur,
846 2661 1010 2700 alterum
1041 2662 1154 2699 etiam
1184 2672 1266 2696 ma-

150 2721 281 2758 nifeste
312 2728 519 2771 repugnat3
557 2719 588 2756 si
618 2717 719 2754 enim
750 2714 852 2754 Deus
881 2715 1070 2753 mundum
1100 2713 1267 2751 condidit

152 2787 224 2813 non
255 2772 304 2811 ab
325 2781 466 2810 aetern‘o
483 2803 492 2820 ‚
521 2771 704 2810 debemus
719 2769 850 2817 fateri,
879 2770 1074 2807 decretum
1091 2767 1266 2805 divinum

153 2827 305 2865 creandi
335 2826 525 2864 mundum
552 2833 629 2863 tota
658 2823 867 2861 aeternitate
910 2821 1079 2874 ejusdem
1110 2820 1268 2859 creatio-

154 2894 240 2918 nem
271 2880 531 2932 praecessisse,
578 2879 620 2916 in
649 2889 725 2929 quo
752 2874 828 2913 duo
869 2874 1126 2929 impossibilia
1162 2875 1269 2911 inve-

156 2936 329 2971 niuntur:
359 2934 554 2986 primum,
583 2931 686 2983 quod
707 2930 747 2967 in
762 2930 970 2977 aeternitate
990 2927 1140 2981 aliquid
1161 2927 1268 2978 prius

158 2996 317 3035 ponatur
336 3017 346 3035 ,
376 2986 483 3025 aliud
512 2985 715 3038 posterius,
745 2983 847 3035 quod
876 2983 1020 3022 notioni
1050 2980 1269 3019 aeternitatis

210 3182 258 3217 (a)
288 3179 382 3210 Inter
406 3178 533 3213 multos
550 3201 560 3220 ,
594 3179 654 3224 qui
679 3178 721 3213 de
748 3179 922 3214 creatione
948 3187 1067 3211 rerum
1093 3189 1133 3211 ex
1160 3172 1273 3211 nihilo

164 3225 405 3269 scripserunt,
431 3224 497 3267 legi
524 3234 676 3258 meretur
703 3227 805 3260 acuta
823 3225 927 3270 juxta
953 3237 992 3258 ac
1011 3223 1119 3258 solida
1144 3222 1275 3256 disser-

161 3273 249 3303 tatio
276 3270 386 3303 Patris
415 3270 577 3302 Vincent.
598 3271 741 3305 Thomae
760 3272 930 3315 Moniglia
944 3269 1029 3305 Ord.
1050 3269 1273 3304 Piaedicator.

164 3326 284 3350 contra
309 3315 560 3349 Materialistas
595 3316 695 3349 Tom.
724 3320 765 3352 ΙΙ.
800 3320 832 3352 8.
858 3318 993 3351 Patavii
1024 3316 1124 3360 1750.
1145 3338 1155 3356 ‚
1199 3325 1274 3350 tum

998 69 1078 118 DE
1114 67 1330 118 CREA'T.
1378 70 1506 116 CAP.
1538 66 1573 114 Ϊ.

1325 160 1530 205 repugnat:
1561 146 1792 196 secundum,
1821 149 1921 200 quod
1950 157 2024 188 tota
2044 149 2232 189 aeternitas
2261 155 2430 205 pertran-

1324 207 1454 254 sierit,
1484 212 1688 255 antequam
1717 201 1936 240 conderetur
1964 207 2154 243 mundus.

1383 260 1446 297 55.
1478 256 1589 308 Resp.
1618 256 1772 308 prim0,
1801 254 1937 292 iisdem
1966 256 2257 298 difficultatibus
2283 257 2432 313 premi,

1324 315 1393 365 qni
1423 312 1594 361 fingunt,
1638 308 1838 346 materiam
1868 309 2072 346 informem
2116 314 2276 352 extitisse
2306 326 2327 352 a
2355 323 2431 354 tota

1325 367 1532 404 aeternitate
1548 393 1559 412 9
1587 374 1633 399 ‘ex
1664 376 1708 398 ea
1735 370 1863 399 antem-
1890 371 2017 413 postea
2033 390 2044 410 ,
2092 366 2216 402 nescio
2243 381 2320 418 quo
2347 381 2430 407 Ino-2

1320 420 1397 467 do,
1427 417 1525 454 hanc
1555 413 1858 468 pulcherrimam
1879 414 2013 453 mundi
2035 416 2198 454 formam
2220 421 2400 469 prodiisse
2417 447 2430 460 .

1322 472 1400 519 Qui
1428 479 1555 508 autem
1585 468 1773 507 mundum
1792 498 1803 517 ,
1832 466 1960 521 qualis
1987 482 2091 507 nunc
2120 478 2198 517 est,
2246 470 2296 508 ab
2326 483 2430 512 aeter-

1320 539 1371 562 no
1399 536 1547 574 semper
1576 523 1690 560 fuisse
1720 523 2086 570 comminiscuntur,
2116 521 2249 561 multis
2268 522 2353 563 aliis
2373 527 2432 565 in*

1320 578 1530 616 commodis
1558 576 1744 623 subsunt,
1775 584 1814 612 ut
1841 588 1919 627 seq.
1948 575 2044 627 Cap.
2074 575 2142 613 IV.
2170 576 2406 616 ostendetur.

1375 629 1439 668 56.
1470 628 1521 667 Ut
1550 637 1677 666 autem
1708 630 1908 681 propositae
1950 627 2169 667 difficultati
2213 631 2300 667 satis
2339 630 2433 681 fiat,

1319 684 1475 721 omnino
1503 683 1709 720 dicendum
1740 692 1818 729 est,
1851 683 2042 720 mnndum
2069 695 2145 720 non
2166 683 2282 721 fuisse
2310 683 2358 722 ab
2380 699 2434 723 ae-

1319 746 1427 775 terno
1454 745 1624 775 creatum
1642 766 1653 783 ,
1697 734 1731 771 &
1760 735 1957 773 decretum
1986 734 2139 774 creandi
2177 737 2366 775 mundum
2396 740 2436 777 in

1319 797 1446 828 mente
1475 790 1604 828 divina
1634 790 1750 826 fuisse
1779 797 1963 827 aeternum
1983 820 1993 838 ,
2038 799 2079 827 ut
2108 788 2269 841 proinde
2310 792 2438 842 ipsam

1319 844 1551 881 creationem
1582 845 1842 895 praecesserit,
1873 852 2130 895 nontempore
2146 842 2303 895 aliquo,
2333 843 2436 896 quod

1319 897 1360 934 in
1391 898 1597 934 aeternitate
1627 896 1780 933 nullum
1811 904 1890 945 est,
1920 896 1983 934 sed
2013 896 2179 949 quodam
2202 905 2326 934 nostro
2346 910 2435 935 con-

1320 951 1489 1002 cipiendi
1521 948 1654 987 modo:
1683 948 1781 988 nihil
1813 951 1914 988 enim
1943 949 2149 1002 prohibet,
2179 951 2275 1002 quin
2305 963 2370 988 nos
2390 950 2434 988 in

1320 1005 1529 1041 aeternitate
1557 1004 1713 1041 omnino
1741 1002 1909 1055 simplici
1940 1004 2016 1041 duo
2044 1003 2162 1042 veluti
2194 1012 2333 1055 puncta
2361 1003 2436 1043 fin·-

1317 1066 1470 1109 gamus:
1502 1056 1689 1104 alterum,
1717 1069 1794 1108 quo
1812 1057 1912 1094 Deus
1934 1055 2054 1095 voluit
2083 1069 2211 1094 creare
2228 1058 2438 1095 mundum:

1320 1110 1482 1148 alterum
1500 1138 1511 1157 ,
1540 1119 1617 1159 quo
1646 1110 1770 1160 reipsa
1798 1109 1911 1147 illum
1941 1111 2111 1147 creavit.
2141 1109 2282 1148 Verius
2310 1120 2440 1149 autem

1321 1164 1491 1211 dicitur,
1538 1161 1667 1199 Deum
1696 1175 1719 1198 a
1747 1170 1824 1198 tota
1863 1164 2071 1200 aeternitate
2112 1163 2352 1212 decrevisse,
2399 1170 2441 1203 ut

1322 1217 1486 1255 mundus
1516 1216 1715 1263 existeret,
1763 1227 1835 1252 non
1865 1221 1992 1251 tamen
2020 1213 2059 1251 in
2089 1216 2172 1265 ipsa
2200 1219 2440 1266 aeternitate,

1322 1269 1386 1308 sed
1416 1271 1456 1307 in
1487 1278 1683 1321 tempore,
1727 1266 1789 1306 vel
1819 1268 1943 1318 potius
1972 1280 2045 1304 una
2071 1266 2189 1304 simut
2225 1281 2316 1306 cum
2344 1277 2442 1308 teme

1321 1336 1414 1377 pore
1431 1349 1442 1361 .
1473 1323 1526 1360 Ita
1555 1334 1625 1373 pro
1653 1320 1811 1358 modulo
1840 1329 1991 1359 nostro.

1379 1378 1444 1429 57.
1475 1375 1691 1413 Fatendum
1719 1374 1878 1427 quidem
1906 1382 1987 1423 est,
2032 1373 2126 1422 has,
2170 1373 2205 1412 δε
2234 1372 2382 1413 multas·
2403 1372 2444 1414 id

1323 1444 1438 1483 genus
1467 1428 1710 1467 difficultates
1738 1438 1954 1480 numquam
1982 1426 2097 1480 plene
2114 1457 2124 1475 ,
2154 1435 2267 1480 atque
2288 1428 2442 1468 evidena

1325 1493 1381 1522 ter
1410 1483 1564 1522 enodari
1595 1493 1728 1534 posse,
1776 1484 1870 1534 quia
1898 1480 2047 1519 nullam
2088 1481 2263 1530 claram,
2309 1482 2442 1521 distin·

1326 1546 1505 1589 ctamque
1520 1537 1739 1574 aeternitatis
1755 1537 1945 1573 notionem
1961 1534 2167 1573 habemus:
2187 1535 2444 1586 quamobrem

1327 1592 1368 1630 S.
1398 1590 1540 1628 Paulus
1568 1589 1616 1628 ad
1646 1587 1767 1627 Hebr.
1797 1588 1867 1627 Xl.
1885 1589 1923 1628 5.
1954 1588 2177 1641 inquiebat:
2206 1587 2301 1628 Fide
2330 1589 2443 1627 intel-

1328 1646 1487 1697 ligimus
1516 1651 1659 1693 aptata
1700 1655 1786 1680 esse
1828 1642 1981 1680 saecula
2014 1639 2141 1679 Verbo
2170 1641 2275 1691 Dei,
2319 1652 2359 1680 ut
2388 1655 2443 1689 ex

1327 1696 1576 1737 invisibilibus
1605 1695 1772 1736 risibilia
1788 1695 1973 1748 fierent.
2017 1695 2114 1733 Haec
2143 1704 2270 1733 tamen
2306 1696 2443 1736 obscu-

1326 1754 1416 1790 ritas
1446 1764 1517 1790 non
1547 1749 1735 1803 impedit,
1763 1751 1861 1802 quin
1891 1750 2120 1788 creationem
2151 1762 2196 1787 ex
2225 1746 2347 1787 nihilo
2366 1762 2442 1788 non

1325 1806 1441 1843 modo
1470 1803 1715 1857 possibilem,
1745 1803 1810 1841 sed
1830 1804 1945 1842 etiam
1968 1805 2093 1854 reipsa
2111 1803 2248 1841 factam
2269 1817 2344 1840 esse
2364 1816 2446 1841 creo

1326 1860 1489 1905 damus5
1526 1871 1616 1896 cum
1645 1856 1769 1895 solum
1801 1857 1961 1906 modus,
1998 1869 2077 1909 'quo
2106 1857 2205 1894 facta
2233 1865 2309 1904 est,
2352 1855 2446 1894 den-

1329 1913 1487 1949 sissimis
1516 1912 1681 1948 tenebris
1711 1910 1950 1949 involvatur.
1981 1911 2107 1963 Atque
2136 1909 2356 1948 hic‘locum
2377 1908 2444 1948 ha*

1328 1962 1391 2000 bet
1433 1962 1530 2000 illud
1572 1964 1900 2012 sapientissimum
1938 1964 1978 2002 S.
2009 1963 2210 2015 Augustini
2253 1963 2445 2000 monitum

1327 2015 1417 2054 Lib.
1438 2016 1487 2053 II.
1517 2011 1564 2052 de
1597 2014 1762 2052 Civitate
1789 2012 1868 2053 Dei
1898 2030 1984 2066 cap.
2010 2016 2072 2053 15.
2103 2016 2216 2053 Tom.
2238 2015 2325 2053 VII.
2353 2012 2445 2052 Has

1328 2071 1702 2120 argumentationes
1739 2071 1775 2104 si
1802 2071 1907 2105 ratio
1944 2065 2123 2118 refutare
2165 2077 2247 2106 'non
2288 2076 2443 2118 posset?

1316 2121 1429 2175 fides
1457 2120 1623 2159 irridere
1652 2117 1809 2157 deberet
1839 2121 1903 2170 (a)
1921 2144 1933 2157 .

1699 2225 1730 2263 C
1751 2222 1783 2263 A
1803 2223 1831 2263 Ρ
1852 2224 1887 2264 U
1910 2224 1944 2262 T
2000 2225 2070 2263 III.

1439 2333 1650 2373 Solvuntur
1679 2331 1843 2371 Breviter
1872 2330 2072 2372 nonnullae
2100 2336 2335 2385 quoestiones

1623 2386 1672 2426 de
1700 2399 1837 2426 rerum
1865 2390 2070 2426 creatione
2087 2411 2097 2425 .

1389 2494 1453 2535 58.
1469 2466 1656 2550 Quaeres
1684 2494 1812 2547 primo
1828 2523 1840 2544 ,
1869 2507 1927 2532 an
1948 2498 2066 2534 Virtus
2081 2494 2248 2533 creandi
2263 2508 2316 2534 ex
2329 2495 2450 2536 nihilo

1338 2549 1409 2587 soli
1439 2548 1527 2587 Deo
1556 2547 1796 2599 competat?

1391 2603 1455 2654 59.
1486 2600 1625 2654 Resp.,
1671 2615 1814 2640 errasse
1843 2598 1882 2640 in
1923 2600 1995 2640 hac
2024 2614 2065 2639 re
2101 2601 2239 2640 multos
2275 2604 2452 2656 priorum*

1333 2655 1565 2694 saeculorum
1595 2653 1793 2694 haereticos
1810 2685 1820 2704 ‚
1850 2654 2044 2698 Simonem
2063 2685 2073 2704 ,
2104 2654 2263 2709 ejusque
2281 2657 2450 2709 discipu—

1334 2708 1417 2747 lum
1445 2708 1706 2747 Menandrum
1724 2739 1735 2757 ‚
1781 2717 1863 2746 tum
1892 2708 2143 2748 Saturninum
2161 2738 2172 2757 ‚
2215 2707 2419 2749 Basilidem
2436 2740 2448 2758 ,

1333 2763 1604 2814 Carpocratem
1622 2791 1633 2812 ,
1662 2761 1915 2811 Cerinthum,
1945 2772 1989 2801 ac
2020 2758 2334 2812 Valentinianos,
2381 2764 2449 2815 qui

1334 2816 1527 2853 mundum
1557 2816 1606 2855 ab
1636 2816 1792 2868 Angelis
1820 2815 1941 2856 veluti
1970 2831 1993 2853 a
2021 2816 2235 2854 minoribus
2255 2817 2339 2855 Diis
2360 2830 2449 2854 con-

1336 2870 1460 2908 ditum
1490 2883 1568 2907 esse
1596 2866 1794 2908 dixerunt.
1839 2868 2001 2908 Illorum
2030 2882 2197 2907 errorem
2239 2869 2448 2907 refutarunt

1336 2923 1575 2975 potissimum
1605 2922 1647 2962 S.
1676 2924 1846 2961 Irenaeus
1859 2923 1949 2962 Lib.
1970 2924 2019 2961 ΙΙ.
2048 2922 2138 2961 adv.
2170 2921 2339 2960 haereses
2359 2935 2447 2974 cap.

1343 2989 1378 3015 1.
1420 2975 1454 3012 St
1486 2988 1523 3014 2.
1544 3004 1556 3025 ‚
1603 2975 1765 3016 Sanctus
1794 2976 2036 3030 Epiphanius
2076 2975 2216 3013 lzaeresi
2244 2974 2369 3066 XTXll.
2411 2974 2446 3012 δὲ

2303 3027 2393 3067 lieo-

1342 3170 1443 3207 Pater
1467 3169 1673 3205 Benedictus
1701 3172 1859 3206 Pererins
1884 3167 1940 3202 De
1974 3171 2197 3203 communibus
2233 3172 2419 3213 principiis
2435 3190 2446 3210 ‚

1343 3229 1447 3264 atque
1472 3219 1507 3251 in
1533 3218 1656 3262 primis
1683 3220 1830 3252 Sanctus
1859 3216 2012 3250 Thomas
2038 3217 2114 3252 Lib.
2134 3218 2178 3251 11.
2206 3217 2332 3250 Contra
2353 3215 2453 3250 Gen*-

1343 3275 1396 3302 tes
1423 3277 1497 3310 cap·
1529 3265 1582 3299 15·
1609 3268 1640 3297 δε
1665 3277 1736 3309 serg.
1969 3275 1974 3279 v
