<?xml version="1.0" encoding="UTF-8"?>
<!DOCTYPE html PUBLIC "-//W3C//DTD XHTML 1.0 Transitional//EN"
    "http://www.w3.org/TR/xhtml1/DTD/xhtml1-transitional.dtd">
<html xmlns="http://www.w3.org/1999/xhtml" xml:lang="en" lang="en">
 <head>
  <title>
</title>
<meta http-equiv="Content-Type" content="text/html;charset=utf-8" />
  <meta name='ocr-system' content='tesseract 3.04.00' />
  <meta name='ocr-capabilities' content='ocr_page ocr_carea ocr_par ocr_line ocrx_word'/>
</head>
<body>
  <div class='ocr_page' id='page_1' title='image "./fratrispetrimari02gazzuoft/fratrispetrimari02gazzuoft_0402.png"; bbox 0 0 2577 3633; ppageno 0'>
   <div class='ocr_carea' id='block_1_1' title="bbox 207 147 1332 2894">
    <p class='ocr_par' dir='ltr' id='par_1_1' title="bbox 207 147 1327 1329">
     <span class='ocr_line' id='line_1_1' title="bbox 278 147 362 189; baseline 0.012 -1"><span class='ocrx_word' id='word_1_1' title='bbox 278 147 362 189; x_wconf 81' lang='lat'>158</span> 
     </span>
     <span class='ocr_line' id='line_1_2' title="bbox 213 213 1320 271; baseline -0.013 -7"><span class='ocrx_word' id='word_1_2' title='bbox 213 238 290 264; x_wconf 85' lang='lat' dir='ltr'>esse</span> <span class='ocrx_word' id='word_1_3' title='bbox 318 219 439 261; x_wconf 79' lang='lat' dir='ltr'>sancti</span> <span class='ocrx_word' id='word_1_4' title='bbox 469 218 698 271; x_wconf 82' lang='lat' dir='ltr'>Hieronymi</span> <span class='ocrx_word' id='word_1_5' title='bbox 726 214 983 262; x_wconf 86' lang='lat' dir='ltr'>locutionem,</span> <span class='ocrx_word' id='word_1_6' title='bbox 1022 227 1135 253; x_wconf 88' lang='lat' dir='ltr'>nemo</span> <span class='ocrx_word' id='word_1_7' title='bbox 1164 225 1235 251; x_wconf 87' lang='lat' dir='ltr'>non</span> <span class='ocrx_word' id='word_1_8' title='bbox 1264 213 1320 251; x_wconf 83' lang='lat' dir='ltr'>vi-</span> 
     </span>
     <span class='ocr_line' id='line_1_3' title="bbox 210 266 1322 317; baseline -0.012 -1"><span class='ocrx_word' id='word_1_9' title='bbox 210 280 297 317; x_wconf 76' lang='lat' dir='ltr'>det.</span> <span class='ocrx_word' id='word_1_10' title='bbox 326 275 487 314; x_wconf 79' lang='lat' dir='ltr'><strong>Etiamsi</strong></span> <span class='ocrx_word' id='word_1_11' title='bbox 518 273 622 310; x_wconf 89' lang='lat' dir='ltr'>enim</span> <span class='ocrx_word' id='word_1_12' title='bbox 651 270 942 317; x_wconf 84' lang='lat' dir='ltr'>concederetur,</span> <span class='ocrx_word' id='word_1_13' title='bbox 973 268 1234 306; x_wconf 83' lang='lat' dir='ltr'>Ariminenses</span> <span class='ocrx_word' id='word_1_14' title='bbox 1254 266 1322 304; x_wconf 86' lang='lat' dir='ltr'>I’a-</span> 
     </span>
     <span class='ocr_line' id='line_1_4' title="bbox 210 320 1323 371; baseline -0.009 -3"><span class='ocrx_word' id='word_1_15' title='bbox 210 341 283 368; x_wconf 87' lang='lat' dir='ltr'>tres</span> <span class='ocrx_word' id='word_1_16' title='bbox 313 329 467 366; x_wconf 78' lang='lat' dir='ltr'>Arianae</span> <span class='ocrx_word' id='word_1_17' title='bbox 497 325 635 363; x_wconf 77' lang='lat' dir='ltr'>haeresi</span> <span class='ocrx_word' id='word_1_18' title='bbox 665 325 922 371; x_wconf 77' lang='lat' dir='ltr'>consensisse,</span> <span class='ocrx_word' id='word_1_19' title='bbox 971 334 1044 359; x_wconf 92' lang='lat' dir='ltr'>non</span> <span class='ocrx_word' id='word_1_20' title='bbox 1073 330 1200 358; x_wconf 88' lang='lat' dir='ltr'>tamen</span> <span class='ocrx_word' id='word_1_21' title='bbox 1243 320 1323 359; x_wconf 90' lang='lat' dir='ltr'>dici</span> 
     </span>
     <span class='ocr_line' id='line_1_5' title="bbox 208 374 1323 433; baseline -0.008 -12"><span class='ocrx_word' id='word_1_22' title='bbox 208 382 347 421; x_wconf 85' lang='lat' dir='ltr'>merito</span> <span class='ocrx_word' id='word_1_23' title='bbox 376 388 523 433; x_wconf 85' lang='lat' dir='ltr'>posset,</span> <span class='ocrx_word' id='word_1_24' title='bbox 571 387 691 417; x_wconf 86' lang='lat' dir='ltr'>totum</span> <span class='ocrx_word' id='word_1_25' title='bbox 723 377 909 415; x_wconf 86' lang='lat' dir='ltr'>mundum</span> <span class='ocrx_word' id='word_1_26' title='bbox 951 375 1096 412; x_wconf 84' lang='lat' dir='ltr'>factum</span> <span class='ocrx_word' id='word_1_27' title='bbox 1127 374 1241 412; x_wconf 84' lang='lat' dir='ltr'>fnisse</span> <span class='ocrx_word' id='word_1_28' title='bbox 1272 374 1323 412; x_wconf 89' lang='lat' dir='ltr'>A·</span> 
     </span>
     <span class='ocr_line' id='line_1_6' title="bbox 210 426 1324 483; baseline -0.008 -10"><span class='ocrx_word' id='word_1_29' title='bbox 210 438 388 474; x_wconf 88' lang='lat' dir='ltr'>rianum.</span> <span class='ocrx_word' id='word_1_30' title='bbox 431 433 532 471; x_wconf 76' lang='lat' dir='ltr'>Nam</span> <span class='ocrx_word' id='word_1_31' title='bbox 562 429 922 483; x_wconf 69' lang='lat' dir='ltr'>praeterquamquod</span> <span class='ocrx_word' id='word_1_32' title='bbox 951 427 1138 466; x_wconf 84' lang='lat' dir='ltr'>Ecclesiae</span> <span class='ocrx_word' id='word_1_33' title='bbox 1169 426 1324 466; x_wconf 82' lang='lat' dir='ltr'>visibile</span> 
     </span>
     <span class='ocr_line' id='line_1_7' title="bbox 209 480 1326 541; baseline -0.008 -14"><span class='ocrx_word' id='word_1_34' title='bbox 209 497 323 541; x_wconf 79' lang='lat' dir='ltr'>caput</span> <span class='ocrx_word' id='word_1_35' title='bbox 352 487 531 526; x_wconf 82' lang='lat' dir='ltr'>Liberius</span> <span class='ocrx_word' id='word_1_36' title='bbox 561 485 672 523; x_wconf 83' lang='lat' dir='ltr'>Rom.</span> <span class='ocrx_word' id='word_1_37' title='bbox 703 484 874 522; x_wconf 83' lang='lat' dir='ltr'>Pontifex</span> <span class='ocrx_word' id='word_1_38' title='bbox 890 480 1064 519; x_wconf 83' lang='lat' dir='ltr'>Concilio</span> <span class='ocrx_word' id='word_1_39' title='bbox 1093 480 1154 519; x_wconf 87' lang='lat' dir='ltr'>illi</span> <span class='ocrx_word' id='word_1_40' title='bbox 1184 495 1326 534; x_wconf 84' lang='lat' dir='ltr'>nequa-</span> 
     </span>
     <span class='ocr_line' id='line_1_8' title="bbox 210 533 1327 594; baseline -0.007 -14"><span class='ocrx_word' id='word_1_41' title='bbox 210 555 332 594; x_wconf 82' lang='lat' dir='ltr'>quam</span> <span class='ocrx_word' id='word_1_42' title='bbox 363 538 587 592; x_wconf 83' lang='lat' dir='ltr'>suffragatus</span> <span class='ocrx_word' id='word_1_43' title='bbox 615 540 688 576; x_wconf 81' lang='lat' dir='ltr'>fuit</span> <span class='ocrx_word' id='word_1_44' title='bbox 706 568 716 586; x_wconf 88' lang='lat'>,</span> <span class='ocrx_word' id='word_1_45' title='bbox 748 535 860 575; x_wconf 89' lang='lat' dir='ltr'>multi</span> <span class='ocrx_word' id='word_1_46' title='bbox 890 537 1006 572; x_wconf 86' lang='lat' dir='ltr'>etiam</span> <span class='ocrx_word' id='word_1_47' title='bbox 1028 533 1097 572; x_wconf 89' lang='lat' dir='ltr'>alii</span> <span class='ocrx_word' id='word_1_48' title='bbox 1118 543 1222 573; x_wconf 86' lang='lat' dir='ltr'>erant</span> <span class='ocrx_word' id='word_1_49' title='bbox 1251 544 1327 572; x_wconf 89' lang='lat' dir='ltr'>toto</span> 
     </span>
     <span class='ocr_line' id='line_1_9' title="bbox 209 588 1325 647; baseline -0.008 -13"><span class='ocrx_word' id='word_1_50' title='bbox 209 596 303 634; x_wconf 89' lang='lat' dir='ltr'>orbe</span> <span class='ocrx_word' id='word_1_51' title='bbox 332 594 544 647; x_wconf 77' lang='lat' dir='ltr'>Episcopi,</span> <span class='ocrx_word' id='word_1_52' title='bbox 572 593 641 644; x_wconf 90' lang='lat' dir='ltr'>qui</span> <span class='ocrx_word' id='word_1_53' title='bbox 672 591 788 629; x_wconf 89' lang='lat' dir='ltr'>fidem</span> <span class='ocrx_word' id='word_1_54' title='bbox 805 589 1004 628; x_wconf 71' lang='lat' dir='ltr'>Nicaenam</span> <span class='ocrx_word' id='word_1_55' title='bbox 1035 597 1182 637; x_wconf 85' lang='lat' dir='ltr'>sancte,</span> <span class='ocrx_word' id='word_1_56' title='bbox 1213 588 1246 625; x_wconf 74' lang='lat'>8&lt;</span> <span class='ocrx_word' id='word_1_57' title='bbox 1268 590 1325 626; x_wconf 91' lang='lat' dir='ltr'>in-</span> 
     </span>
     <span class='ocr_line' id='line_1_10' title="bbox 212 641 1326 688; baseline -0.006 -1"><span class='ocrx_word' id='word_1_58' title='bbox 212 650 471 688; x_wconf 79' lang='lat' dir='ltr'>contaminate</span> <span class='ocrx_word' id='word_1_59' title='bbox 501 645 719 684; x_wconf 78' lang='lat' dir='ltr'>servabant.</span> <span class='ocrx_word' id='word_1_60' title='bbox 769 644 811 681; x_wconf 85' lang='lat' dir='ltr'>Id</span> <span class='ocrx_word' id='word_1_61' title='bbox 841 651 990 680; x_wconf 84' lang='lat' dir='ltr'>testatus</span> <span class='ocrx_word' id='word_1_62' title='bbox 1020 651 1071 680; x_wconf 91' lang='lat' dir='ltr'>est</span> <span class='ocrx_word' id='word_1_63' title='bbox 1100 651 1215 680; x_wconf 84' lang='lat' dir='ltr'>sanct.</span> <span class='ocrx_word' id='word_1_64' title='bbox 1246 641 1326 680; x_wconf 87' lang='lat' dir='ltr'>Da-</span> 
     </span>
     <span class='ocr_line' id='line_1_11' title="bbox 209 695 1325 751; baseline -0.007 -10"><span class='ocrx_word' id='word_1_65' title='bbox 209 717 336 741; x_wconf 85' lang='lat' dir='ltr'>masus</span> <span class='ocrx_word' id='word_1_66' title='bbox 367 702 405 739; x_wconf 92' lang='lat' dir='ltr'>in</span> <span class='ocrx_word' id='word_1_67' title='bbox 433 699 627 751; x_wconf 84' lang='lat' dir='ltr'>Synodica</span> <span class='ocrx_word' id='word_1_68' title='bbox 656 712 717 748; x_wconf 89' lang='lat' dir='ltr'>ep.</span> <span class='ocrx_word' id='word_1_69' title='bbox 748 697 794 734; x_wconf 88' lang='lat' dir='ltr'>ad</span> <span class='ocrx_word' id='word_1_70' title='bbox 825 695 1031 748; x_wconf 87' lang='lat' dir='ltr'>Episcopos</span> <span class='ocrx_word' id='word_1_71' title='bbox 1060 695 1208 748; x_wconf 88' lang='lat' dir='ltr'>Illyrici</span> <span class='ocrx_word' id='word_1_72' title='bbox 1241 697 1255 746; x_wconf 94' lang='lat'>(</span> <span class='ocrx_word' id='word_1_73' title='bbox 1285 710 1325 733; x_wconf 87' lang='lat' dir='ltr'>a-</span> 
     </span>
     <span class='ocr_line' id='line_1_12' title="bbox 211 747 1324 808; baseline -0.007 -14"><span class='ocrx_word' id='word_1_74' title='bbox 211 757 291 808; x_wconf 87' lang='lat' dir='ltr'>pud</span> <span class='ocrx_word' id='word_1_75' title='bbox 322 754 602 792; x_wconf 84' lang='lat' dir='ltr'>Theodoretum</span> <span class='ocrx_word' id='word_1_76' title='bbox 633 751 705 789; x_wconf 90' lang='lat' dir='ltr'>lib.</span> <span class='ocrx_word' id='word_1_77' title='bbox 725 750 774 788; x_wconf 86' lang='grc' dir='ltr'>ΙΙ.</span> <span class='ocrx_word' id='word_1_78' title='bbox 805 748 912 787; x_wconf 82' lang='lat' dir='ltr'>Hist.</span> <span class='ocrx_word' id='word_1_79' title='bbox 941 747 1058 787; x_wconf 81' lang='lat' dir='ltr'>Eccl.</span> <span class='ocrx_word' id='word_1_80' title='bbox 1087 763 1122 787; x_wconf 91' lang='lat' dir='ltr'>c.</span> <span class='ocrx_word' id='word_1_81' title='bbox 1146 762 1209 786; x_wconf 72' lang='lat'>22.</span> <span class='ocrx_word' id='word_1_82' title='bbox 1231 749 1244 797; x_wconf 90' lang='lat'><em>)</em></span> <span class='ocrx_word' id='word_1_83' title='bbox 1268 749 1324 786; x_wconf 91' lang='lat' dir='ltr'>in-</span> 
     </span>
     <span class='ocr_line' id='line_1_13' title="bbox 207 801 1325 860; baseline -0.006 -14"><span class='ocrx_word' id='word_1_84' title='bbox 207 810 361 860; x_wconf 86' lang='lat' dir='ltr'>quiens:</span> <span class='ocrx_word' id='word_1_85' title='bbox 405 804 545 857; x_wconf 79' lang='lat' dir='ltr'>Neque</span> <span class='ocrx_word' id='word_1_86' title='bbox 576 808 686 843; x_wconf 84' lang='lat' dir='ltr'>enim</span> <span class='ocrx_word' id='word_1_87' title='bbox 715 802 990 856; x_wconf 75' lang='lat' dir='ltr'>praejudicium</span> <span class='ocrx_word' id='word_1_88' title='bbox 1019 801 1180 854; x_wconf 72' lang='lat' dir='ltr'>aliquod</span> <span class='ocrx_word' id='word_1_89' title='bbox 1209 805 1325 839; x_wconf 67' lang='lat' dir='ltr'>nasci</span> 
     </span>
     <span class='ocr_line' id='line_1_14' title="bbox 207 855 1323 913; baseline -0.006 -14"><span class='ocrx_word' id='word_1_90' title='bbox 207 865 330 913; x_wconf 74' lang='lat' dir='ltr'>potuit</span> <span class='ocrx_word' id='word_1_91' title='bbox 359 871 412 898; x_wconf 76' lang='lat' dir='ltr'>ex</span> <span class='ocrx_word' id='word_1_92' title='bbox 441 871 606 897; x_wconf 79' lang='lat' dir='ltr'>numero</span> <span class='ocrx_word' id='word_1_93' title='bbox 648 871 788 896; x_wconf 83' lang='lat' dir='ltr'>eorum</span> <span class='ocrx_word' id='word_1_94' title='bbox 809 887 820 906; x_wconf 88' lang='lat'>,</span> <span class='ocrx_word' id='word_1_95' title='bbox 867 860 931 908; x_wconf 82' lang='lat' dir='ltr'>qui</span> <span class='ocrx_word' id='word_1_96' title='bbox 960 855 1066 907; x_wconf 79' lang='lat' dir='ltr'>apud</span> <span class='ocrx_word' id='word_1_97' title='bbox 1094 856 1323 894; x_wconf 72' lang='lat' dir='ltr'>Ariminum</span> 
     </span>
     <span class='ocr_line' id='line_1_15' title="bbox 210 909 1323 961; baseline -0.006 -8"><span class='ocrx_word' id='word_1_98' title='bbox 210 923 479 953; x_wconf 72' lang='lat' dir='ltr'>convenerant</span> <span class='ocrx_word' id='word_1_99' title='bbox 496 943 507 961; x_wconf 95' lang='lat'>,</span> <span class='ocrx_word' id='word_1_100' title='bbox 537 925 629 950; x_wconf 83' lang='lat' dir='ltr'>cum</span> <span class='ocrx_word' id='word_1_101' title='bbox 659 920 814 950; x_wconf 79' lang='lat' dir='ltr'>constet</span> <span class='ocrx_word' id='word_1_102' title='bbox 830 941 841 959; x_wconf 86' lang='lat'>,</span> <span class='ocrx_word' id='word_1_103' title='bbox 870 924 997 961; x_wconf 78' lang='lat' dir='ltr'>neque</span> <span class='ocrx_word' id='word_1_104' title='bbox 1020 909 1136 947; x_wconf 79' lang='lat' dir='ltr'>Hom.</span> <span class='ocrx_word' id='word_1_105' title='bbox 1157 909 1323 960; x_wconf 75' lang='lat' dir='ltr'>Episco-</span> 
     </span>
     <span class='ocr_line' id='line_1_16' title="bbox 211 963 1324 1020; baseline -0.006 -14"><span class='ocrx_word' id='word_1_106' title='bbox 211 982 328 1019; x_wconf 79' lang='lat' dir='ltr'>pum,</span> <span class='ocrx_word' id='word_1_107' title='bbox 356 969 471 1020; x_wconf 80' lang='lat' dir='ltr'>cujus</span> <span class='ocrx_word' id='word_1_108' title='bbox 500 975 597 1004; x_wconf 79' lang='lat' dir='ltr'>ante</span> <span class='ocrx_word' id='word_1_109' title='bbox 625 979 767 1004; x_wconf 81' lang='lat' dir='ltr'>omnes</span> <span class='ocrx_word' id='word_1_110' title='bbox 782 964 870 1018; x_wconf 81' lang='lat' dir='ltr'>fuit</span> <span class='ocrx_word' id='word_1_111' title='bbox 890 963 1145 1015; x_wconf 65' lang='lat' dir='ltr'>expectanda</span> <span class='ocrx_word' id='word_1_112' title='bbox 1167 971 1324 1001; x_wconf 76' lang='lat' dir='ltr'>senten-</span> 
     </span>
     <span class='ocr_line' id='line_1_17' title="bbox 210 1016 1323 1073; baseline -0.005 -13"><span class='ocrx_word' id='word_1_113' title='bbox 210 1027 269 1060; x_wconf 68' lang='grc' dir='ltr'>ιὶα</span> <span class='ocrx_word' id='word_1_114' title='bbox 287 1054 298 1071; x_wconf 89' lang='lat'>,</span> <span class='ocrx_word' id='word_1_115' title='bbox 328 1034 454 1073; x_wconf 70' lang='lat' dir='ltr'>neque</span> <span class='ocrx_word' id='word_1_116' title='bbox 486 1017 769 1068; x_wconf 75' lang='lat' dir='ltr'>Vincentium,</span> <span class='ocrx_word' id='word_1_117' title='bbox 799 1022 863 1070; x_wconf 80' lang='lat' dir='ltr'>qui</span> <span class='ocrx_word' id='word_1_118' title='bbox 892 1027 947 1055; x_wconf 81' lang='lat' dir='ltr'>tot</span> <span class='ocrx_word' id='word_1_119' title='bbox 978 1031 1107 1055; x_wconf 79' lang='lat' dir='ltr'>annos</span> <span class='ocrx_word' id='word_1_120' title='bbox 1137 1016 1323 1054; x_wconf 74' lang='lat' dir='ltr'>sacerdo-</span> 
     </span>
     <span class='ocr_line' id='line_1_18' title="bbox 210 1070 1324 1124; baseline -0.006 -10"><span class='ocrx_word' id='word_1_121' title='bbox 210 1081 312 1114; x_wconf 78' lang='lat' dir='ltr'>tium</span> <span class='ocrx_word' id='word_1_122' title='bbox 342 1074 486 1113; x_wconf 74' lang='lat' dir='ltr'>illibate</span> <span class='ocrx_word' id='word_1_123' title='bbox 515 1077 707 1122; x_wconf 62' lang='lat' dir='ltr'>serravit,</span> <span class='ocrx_word' id='word_1_124' title='bbox 738 1086 863 1124; x_wconf 78' lang='lat' dir='ltr'>neque</span> <span class='ocrx_word' id='word_1_125' title='bbox 883 1072 983 1109; x_wconf 80' lang='lat' dir='ltr'>ulios</span> <span class='ocrx_word' id='word_1_126' title='bbox 1000 1070 1222 1124; x_wconf 70' lang='lat' dir='ltr'>hujusmodi</span> <span class='ocrx_word' id='word_1_127' title='bbox 1241 1079 1324 1107; x_wconf 75' lang='lat' dir='ltr'>sta-</span> 
     </span>
     <span class='ocr_line' id='line_1_19' title="bbox 208 1123 1325 1178; baseline -0.005 -11"><span class='ocrx_word' id='word_1_128' title='bbox 208 1135 302 1167; x_wconf 79' lang='lat' dir='ltr'>tutis</span> <span class='ocrx_word' id='word_1_129' title='bbox 332 1141 571 1166; x_wconf 79' lang='lat' dir='ltr'>consensum</span> <span class='ocrx_word' id='word_1_130' title='bbox 600 1128 775 1178; x_wconf 74' lang='lat' dir='ltr'>aliquem</span> <span class='ocrx_word' id='word_1_131' title='bbox 804 1124 1084 1163; x_wconf 72' lang='lat' dir='ltr'>commolczsse</span> <span class='ocrx_word' id='word_1_132' title='bbox 1102 1152 1112 1162; x_wconf 88' lang='lat'>.</span> <span class='ocrx_word' id='word_1_133' title='bbox 1155 1125 1236 1162; x_wconf 87' lang='lat' dir='ltr'>Imo</span> <span class='ocrx_word' id='word_1_134' title='bbox 1265 1123 1325 1162; x_wconf 86' lang='lat' dir='ltr'>Si-</span> 
     </span>
     <span class='ocr_line' id='line_1_20' title="bbox 210 1178 1323 1234; baseline -0.005 -13"><span class='ocrx_word' id='word_1_135' title='bbox 210 1184 329 1221; x_wconf 87' lang='lat' dir='ltr'>ricins</span> <span class='ocrx_word' id='word_1_136' title='bbox 360 1182 462 1234; x_wconf 87' lang='lat' dir='ltr'>Papa</span> <span class='ocrx_word' id='word_1_137' title='bbox 504 1183 542 1219; x_wconf 88' lang='lat' dir='ltr'>in</span> <span class='ocrx_word' id='word_1_138' title='bbox 571 1196 633 1234; x_wconf 85' lang='lat' dir='ltr'>ep.</span> <span class='ocrx_word' id='word_1_139' title='bbox 670 1181 718 1218; x_wconf 84' lang='lat' dir='ltr'>ad</span> <span class='ocrx_word' id='word_1_140' title='bbox 748 1180 966 1218; x_wconf 88' lang='lat' dir='ltr'>Himerium</span> <span class='ocrx_word' id='word_1_141' title='bbox 999 1178 1323 1216; x_wconf 79' lang='lat' dir='ltr'>Tarraconensem</span> 
     </span>
     <span class='ocr_line' id='line_1_21' title="bbox 209 1231 1324 1282; baseline -0.005 -7"><span class='ocrx_word' id='word_1_142' title='bbox 209 1237 327 1276; x_wconf 84' lang='lat' dir='ltr'>fidem</span> <span class='ocrx_word' id='word_1_143' title='bbox 358 1237 474 1282; x_wconf 85' lang='lat' dir='ltr'>facit,</span> <span class='ocrx_word' id='word_1_144' title='bbox 505 1244 588 1273; x_wconf 83' lang='lat' dir='ltr'>acta</span> <span class='ocrx_word' id='word_1_145' title='bbox 619 1235 872 1272; x_wconf 87' lang='lat' dir='ltr'>Ariminensis</span> <span class='ocrx_word' id='word_1_146' title='bbox 887 1231 1054 1270; x_wconf 87' lang='lat' dir='ltr'>Concilii</span> <span class='ocrx_word' id='word_1_147' title='bbox 1084 1232 1199 1270; x_wconf 80' lang='lat' dir='ltr'>fuisse</span> <span class='ocrx_word' id='word_1_148' title='bbox 1219 1246 1241 1269; x_wconf 88' lang='lat' dir='ltr'>a</span> <span class='ocrx_word' id='word_1_149' title='bbox 1260 1232 1324 1270; x_wconf 89' lang='lat' dir='ltr'>Li-</span> 
     </span>
     <span class='ocr_line' id='line_1_22' title="bbox 209 1288 746 1329; baseline -0.007 0"><span class='ocrx_word' id='word_1_150' title='bbox 209 1291 320 1329; x_wconf 82' lang='lat' dir='ltr'>berio</span> <span class='ocrx_word' id='word_1_151' title='bbox 349 1288 534 1327; x_wconf 85' lang='lat' dir='ltr'>Pontifice</span> <span class='ocrx_word' id='word_1_152' title='bbox 562 1290 717 1326; x_wconf 86' lang='lat' dir='ltr'>rescissa</span> <span class='ocrx_word' id='word_1_153' title='bbox 736 1313 746 1325; x_wconf 89' lang='lat'>.</span> 
     </span>
    </p>

    <p class='ocr_par' dir='ltr' id='par_1_2' title="bbox 208 1337 1328 2142">
     <span class='ocr_line' id='line_1_23' title="bbox 271 1337 1325 1387; baseline -0.008 -5"><span class='ocrx_word' id='word_1_154' title='bbox 271 1357 358 1382; x_wconf 84' lang='lat'>111.</span> <span class='ocrx_word' id='word_1_155' title='bbox 388 1342 560 1380; x_wconf 77' lang='lat' dir='ltr'>Ulterius</span> <span class='ocrx_word' id='word_1_156' title='bbox 598 1353 782 1378; x_wconf 85' lang='lat' dir='ltr'>numerus</span> <span class='ocrx_word' id='word_1_157' title='bbox 811 1337 965 1376; x_wconf 62' lang='lat' dir='ltr'>Parrum</span> <span class='ocrx_word' id='word_1_158' title='bbox 997 1338 1325 1387; x_wconf 76' lang='lat' dir='ltr'>Ariminensium,</span> 
     </span>
     <span class='ocr_line' id='line_1_24' title="bbox 211 1393 1327 1444; baseline -0.005 -9"><span class='ocrx_word' id='word_1_159' title='bbox 211 1406 276 1436; x_wconf 84' lang='lat' dir='ltr'>aut</span> <span class='ocrx_word' id='word_1_160' title='bbox 305 1395 606 1435; x_wconf 86' lang='lat' dir='ltr'>Seleuciensium</span> <span class='ocrx_word' id='word_1_161' title='bbox 639 1395 800 1431; x_wconf 88' lang='lat' dir='ltr'>minime</span> <span class='ocrx_word' id='word_1_162' title='bbox 842 1393 1059 1444; x_wconf 86' lang='lat' dir='ltr'>comparari</span> <span class='ocrx_word' id='word_1_163' title='bbox 1090 1400 1206 1443; x_wconf 83' lang='lat' dir='ltr'>potest</span> <span class='ocrx_word' id='word_1_164' title='bbox 1235 1406 1327 1430; x_wconf 90' lang='lat' dir='ltr'>cum</span> 
     </span>
     <span class='ocr_line' id='line_1_25' title="bbox 210 1443 1327 1501; baseline -0.006 -13"><span class='ocrx_word' id='word_1_165' title='bbox 210 1463 372 1489; x_wconf 86' lang='lat' dir='ltr'>numero</span> <span class='ocrx_word' id='word_1_166' title='bbox 400 1448 681 1501; x_wconf 80' lang='lat' dir='ltr'>Episcoporum</span> <span class='ocrx_word' id='word_1_167' title='bbox 713 1448 827 1484; x_wconf 85' lang='lat' dir='ltr'>totius</span> <span class='ocrx_word' id='word_1_168' title='bbox 851 1444 954 1483; x_wconf 90' lang='lat' dir='ltr'>orbis</span> <span class='ocrx_word' id='word_1_169' title='bbox 984 1443 1184 1483; x_wconf 74' lang='lat' dir='ltr'>catholici.</span> <span class='ocrx_word' id='word_1_170' title='bbox 1224 1445 1327 1482; x_wconf 88' lang='lat' dir='ltr'>Lab-</span> 
     </span>
     <span class='ocr_line' id='line_1_26' title="bbox 208 1497 1326 1551; baseline -0.005 -9"><span class='ocrx_word' id='word_1_171' title='bbox 208 1504 303 1543; x_wconf 87' lang='lat' dir='ltr'>beus</span> <span class='ocrx_word' id='word_1_172' title='bbox 333 1505 434 1540; x_wconf 86' lang='lat' dir='ltr'>enim</span> <span class='ocrx_word' id='word_1_173' title='bbox 465 1502 571 1539; x_wconf 81' lang='lat' dir='ltr'>inille</span> <span class='ocrx_word' id='word_1_174' title='bbox 601 1510 688 1538; x_wconf 87' lang='lat' dir='ltr'>tunc</span> <span class='ocrx_word' id='word_1_175' title='bbox 726 1500 891 1551; x_wconf 79' lang='lat' dir='ltr'>cognitas</span> <span class='ocrx_word' id='word_1_176' title='bbox 923 1500 962 1536; x_wconf 90' lang='lat' dir='ltr'>in</span> <span class='ocrx_word' id='word_1_177' title='bbox 1003 1498 1200 1536; x_wconf 85' lang='lat' dir='ltr'>occidente</span> <span class='ocrx_word' id='word_1_178' title='bbox 1230 1497 1326 1549; x_wconf 81' lang='lat' dir='ltr'>Epi-</span> 
     </span>
     <span class='ocr_line' id='line_1_27' title="bbox 209 1553 1326 1609; baseline -0.004 -14"><span class='ocrx_word' id='word_1_179' title='bbox 209 1556 377 1609; x_wconf 82' lang='lat' dir='ltr'>scopales</span> <span class='ocrx_word' id='word_1_180' title='bbox 407 1557 509 1594; x_wconf 88' lang='lat' dir='ltr'>sedes</span> <span class='ocrx_word' id='word_1_181' title='bbox 540 1562 732 1602; x_wconf 86' lang='lat' dir='ltr'>recenset,</span> <span class='ocrx_word' id='word_1_182' title='bbox 782 1555 821 1591; x_wconf 93' lang='lat' dir='ltr'>in</span> <span class='ocrx_word' id='word_1_183' title='bbox 851 1553 1008 1590; x_wconf 86' lang='lat' dir='ltr'>Oriente</span> <span class='ocrx_word' id='word_1_184' title='bbox 1037 1561 1163 1589; x_wconf 86' lang='lat' dir='ltr'>autem</span> <span class='ocrx_word' id='word_1_185' title='bbox 1205 1554 1326 1590; x_wconf 88' lang='lat' dir='ltr'>octin-</span> 
     </span>
     <span class='ocr_line' id='line_1_28' title="bbox 209 1606 1326 1663; baseline -0.005 -15"><span class='ocrx_word' id='word_1_186' title='bbox 209 1620 360 1663; x_wconf 83' lang='lat' dir='ltr'>gentas.</span> <span class='ocrx_word' id='word_1_187' title='bbox 393 1609 599 1662; x_wconf 82' lang='lat' dir='ltr'>Aliquanto</span> <span class='ocrx_word' id='word_1_188' title='bbox 629 1607 756 1660; x_wconf 88' lang='lat' dir='ltr'>plures</span> <span class='ocrx_word' id='word_1_189' title='bbox 788 1615 971 1644; x_wconf 87' lang='lat' dir='ltr'>memorat</span> <span class='ocrx_word' id='word_1_190' title='bbox 1000 1606 1161 1643; x_wconf 78' lang='lat' dir='ltr'>Carolus</span> <span class='ocrx_word' id='word_1_191' title='bbox 1191 1620 1212 1643; x_wconf 86' lang='lat' dir='ltr'>a</span> <span class='ocrx_word' id='word_1_192' title='bbox 1242 1620 1326 1643; x_wconf 87' lang='lat' dir='ltr'>san-</span> 
     </span>
     <span class='ocr_line' id='line_1_29' title="bbox 209 1657 1326 1713; baseline -0.004 -10"><span class='ocrx_word' id='word_1_193' title='bbox 209 1674 270 1703; x_wconf 91' lang='lat' dir='ltr'>cto</span> <span class='ocrx_word' id='word_1_194' title='bbox 298 1662 415 1702; x_wconf 83' lang='lat' dir='ltr'>Paulo</span> <span class='ocrx_word' id='word_1_195' title='bbox 445 1665 484 1701; x_wconf 93' lang='lat' dir='ltr'>in</span> <span class='ocrx_word' id='word_1_196' title='bbox 514 1661 669 1701; x_wconf 69' lang='lat' dir='ltr'>Noctua</span> <span class='ocrx_word' id='word_1_197' title='bbox 697 1664 954 1713; x_wconf 68' lang='lat' dir='ltr'>antiquorum</span> <span class='ocrx_word' id='word_1_198' title='bbox 983 1657 1298 1710; x_wconf 74' lang='lat' dir='ltr'>Episcopatuum</span> <span class='ocrx_word' id='word_1_199' title='bbox 1315 1686 1326 1698; x_wconf 89' lang='lat'>.</span> 
     </span>
     <span class='ocr_line' id='line_1_30' title="bbox 213 1714 1327 1766; baseline -0.006 -9"><span class='ocrx_word' id='word_1_200' title='bbox 213 1721 260 1757; x_wconf 82' lang='lat' dir='ltr'>At</span> <span class='ocrx_word' id='word_1_201' title='bbox 288 1731 377 1757; x_wconf 86' lang='lat' dir='ltr'>vero</span> <span class='ocrx_word' id='word_1_202' title='bbox 407 1726 556 1755; x_wconf 87' lang='lat' dir='ltr'>sanctus</span> <span class='ocrx_word' id='word_1_203' title='bbox 589 1715 813 1754; x_wconf 79' lang='lat' dir='ltr'>Athanasius</span> <span class='ocrx_word' id='word_1_204' title='bbox 843 1715 881 1752; x_wconf 90' lang='lat' dir='ltr'>in</span> <span class='ocrx_word' id='word_1_205' title='bbox 912 1715 1023 1766; x_wconf 85' lang='lat' dir='ltr'>epist.</span> <span class='ocrx_word' id='word_1_206' title='bbox 1053 1714 1101 1751; x_wconf 84' lang='lat' dir='ltr'>ad</span> <span class='ocrx_word' id='word_1_207' title='bbox 1120 1714 1327 1751; x_wconf 81' lang='lat' dir='ltr'>Jovianuin</span> 
     </span>
     <span class='ocr_line' id='line_1_31' title="bbox 210 1767 1327 1823; baseline -0.004 -13"><span class='ocrx_word' id='word_1_208' title='bbox 210 1773 485 1823; x_wconf 73' lang='lat' dir='ltr'>Imperatorem</span> <span class='ocrx_word' id='word_1_209' title='bbox 515 1772 655 1821; x_wconf 82' lang='lat' dir='ltr'>scripta</span> <span class='ocrx_word' id='word_1_210' title='bbox 682 1784 756 1809; x_wconf 89' lang='lat' dir='ltr'>non</span> <span class='ocrx_word' id='word_1_211' title='bbox 787 1768 909 1806; x_wconf 84' lang='lat' dir='ltr'>inulto</span> <span class='ocrx_word' id='word_1_212' title='bbox 939 1777 1046 1818; x_wconf 85' lang='lat' dir='ltr'>post,</span> <span class='ocrx_word' id='word_1_213' title='bbox 1090 1767 1236 1805; x_wconf 83' lang='lat' dir='ltr'>scilicet</span> <span class='ocrx_word' id='word_1_214' title='bbox 1265 1781 1327 1805; x_wconf 88' lang='lat' dir='ltr'>an.</span> 
     </span>
     <span class='ocr_line' id='line_1_32' title="bbox 212 1818 1328 1874; baseline -0.007 -10"><span class='ocrx_word' id='word_1_215' title='bbox 212 1825 305 1864; x_wconf 78' lang='grc'>565.</span> <span class='ocrx_word' id='word_1_216' title='bbox 337 1825 496 1862; x_wconf 85' lang='lat' dir='ltr'>fidenter</span> <span class='ocrx_word' id='word_1_217' title='bbox 525 1824 678 1874; x_wconf 76' lang='lat' dir='ltr'>ajebat,</span> <span class='ocrx_word' id='word_1_218' title='bbox 722 1826 928 1859; x_wconf 66' lang='lat' dir='ltr'>universas</span> <span class='ocrx_word' id='word_1_219' title='bbox 957 1825 1074 1858; x_wconf 81' lang='lat' dir='ltr'>totius</span> <span class='ocrx_word' id='word_1_220' title='bbox 1116 1819 1216 1857; x_wconf 65' lang='lat' dir='ltr'>orbis</span> <span class='ocrx_word' id='word_1_221' title='bbox 1246 1818 1328 1856; x_wconf 81' lang='lat' dir='ltr'>Ec-</span> 
     </span>
     <span class='ocr_line' id='line_1_33' title="bbox 212 1871 1327 1927; baseline -0.006 -12"><span class='ocrx_word' id='word_1_222' title='bbox 212 1879 356 1915; x_wconf 55' lang='lat' dir='ltr'>clesiam</span> <span class='ocrx_word' id='word_1_223' title='bbox 385 1875 581 1927; x_wconf 77' lang='lat' dir='ltr'>suffragio</span> <span class='ocrx_word' id='word_1_224' title='bbox 622 1889 691 1912; x_wconf 83' lang='lat' dir='ltr'>suo</span> <span class='ocrx_word' id='word_1_225' title='bbox 728 1872 986 1924; x_wconf 71' lang='lat' dir='ltr'>comprobare</span> <span class='ocrx_word' id='word_1_226' title='bbox 1016 1871 1234 1910; x_wconf 75' lang='lat' dir='ltr'>Ntcoenam</span> <span class='ocrx_word' id='word_1_227' title='bbox 1266 1873 1327 1924; x_wconf 78' lang='lat' dir='ltr'>fi—</span> 
     </span>
     <span class='ocr_line' id='line_1_34' title="bbox 213 1924 1327 1979; baseline -0.007 -10"><span class='ocrx_word' id='word_1_228' title='bbox 213 1930 340 1975; x_wconf 78' lang='lat' dir='ltr'>dem;</span> <span class='ocrx_word' id='word_1_229' title='bbox 378 1942 450 1967; x_wconf 79' lang='lat' dir='ltr'>nec</span> <span class='ocrx_word' id='word_1_230' title='bbox 481 1932 646 1966; x_wconf 69' lang='lat' dir='ltr'>tametsi·</span> <span class='ocrx_word' id='word_1_231' title='bbox 673 1931 792 1979; x_wconf 71' lang='lat' dir='ltr'>pauci</span> <span class='ocrx_word' id='word_1_232' title='bbox 821 1926 985 1978; x_wconf 72' lang='lat' dir='ltr'>quidam</span> <span class='ocrx_word' id='word_1_233' title='bbox 1016 1924 1103 1963; x_wconf 67' lang='lat' dir='ltr'>huic</span> <span class='ocrx_word' id='word_1_234' title='bbox 1121 1925 1225 1978; x_wconf 69' lang='lat' dir='ltr'>fidei</span> <span class='ocrx_word' id='word_1_235' title='bbox 1254 1924 1327 1962; x_wconf 81' lang='lat' dir='ltr'>‹ch-</span> 
     </span>
     <span class='ocr_line' id='line_1_35' title="bbox 212 1977 1328 2034; baseline -0.007 -11"><span class='ocrx_word' id='word_1_236' title='bbox 212 1993 415 2024; x_wconf 71' lang='lat' dir='ltr'>Versentur</span> <span class='ocrx_word' id='word_1_237' title='bbox 432 2013 442 2032; x_wconf 92' lang='lat'>,</span> <span class='ocrx_word' id='word_1_238' title='bbox 471 1981 748 2034; x_wconf 69' lang='lat' dir='ltr'>praejudicium</span> <span class='ocrx_word' id='word_1_239' title='bbox 765 1979 916 2031; x_wconf 65' lang='lat' dir='ltr'>facere</span> <span class='ocrx_word' id='word_1_240' title='bbox 944 1992 1057 2029; x_wconf 79' lang='lat' dir='ltr'>posse</span> <span class='ocrx_word' id='word_1_241' title='bbox 1074 2009 1085 2028; x_wconf 88' lang='lat'>,</span> <span class='ocrx_word' id='word_1_242' title='bbox 1113 1991 1204 2016; x_wconf 75' lang='lat' dir='ltr'>cum</span> <span class='ocrx_word' id='word_1_243' title='bbox 1226 1977 1328 2016; x_wconf 71' lang='lat' dir='ltr'>orbis</span> 
     </span>
     <span class='ocr_line' id='line_1_36' title="bbox 213 2033 1327 2086; baseline -0.004 -11"><span class='ocrx_word' id='word_1_244' title='bbox 213 2042 415 2075; x_wconf 59' lang='lat' dir='ltr'>unit-ersus</span> <span class='ocrx_word' id='word_1_245' title='bbox 445 2036 708 2086; x_wconf 67' lang='lat' dir='ltr'>apostolicum</span> <span class='ocrx_word' id='word_1_246' title='bbox 726 2033 861 2086; x_wconf 69' lang='lat' dir='ltr'>ficiem</span> <span class='ocrx_word' id='word_1_247' title='bbox 890 2037 1091 2070; x_wconf 76' lang='lat' dir='ltr'>retineat.</span> <span class='ocrx_word' id='word_1_248' title='bbox 1121 2033 1327 2085; x_wconf 73' lang='lat' dir='ltr'>Hyperbo-</span> 
     </span>
     <span class='ocr_line' id='line_1_37' title="bbox 213 2085 1119 2142; baseline -0.009 -12"><span class='ocrx_word' id='word_1_249' title='bbox 213 2091 288 2130; x_wconf 85' lang='lat' dir='ltr'>lica</span> <span class='ocrx_word' id='word_1_250' title='bbox 317 2092 432 2142; x_wconf 78' lang='lat' dir='ltr'>igitur</span> <span class='ocrx_word' id='word_1_251' title='bbox 461 2097 515 2126; x_wconf 84' lang='lat' dir='ltr'>est</span> <span class='ocrx_word' id='word_1_252' title='bbox 543 2089 661 2126; x_wconf 84' lang='lat' dir='ltr'>sancti</span> <span class='ocrx_word' id='word_1_253' title='bbox 692 2087 921 2138; x_wconf 83' lang='lat' dir='ltr'>Hieronymi</span> <span class='ocrx_word' id='word_1_254' title='bbox 950 2085 1119 2123; x_wconf 81' lang='lat' dir='ltr'>locutio.</span> 
     </span>
    </p>

    <p class='ocr_par' dir='ltr' id='par_1_3' title="bbox 212 2136 1332 2565">
     <span class='ocr_line' id='line_1_38' title="bbox 272 2136 1327 2190; baseline -0.007 -8"><span class='ocrx_word' id='word_1_255' title='bbox 272 2158 360 2182; x_wconf 80' lang='lat'>112.</span> <span class='ocrx_word' id='word_1_256' title='bbox 389 2143 463 2180; x_wconf 83' lang='lat' dir='ltr'>Sed</span> <span class='ocrx_word' id='word_1_257' title='bbox 493 2142 523 2179; x_wconf 90' lang='lat' dir='ltr'>si</span> <span class='ocrx_word' id='word_1_258' title='bbox 552 2142 767 2179; x_wconf 76' lang='lat' dir='ltr'>accuratius</span> <span class='ocrx_word' id='word_1_259' title='bbox 796 2139 928 2177; x_wconf 88' lang='lat' dir='ltr'>eadem</span> <span class='ocrx_word' id='word_1_260' title='bbox 958 2137 1191 2190; x_wconf 79' lang='lat' dir='ltr'>expendatur</span> <span class='ocrx_word' id='word_1_261' title='bbox 1209 2169 1220 2186; x_wconf 91' lang='lat'>,</span> <span class='ocrx_word' id='word_1_262' title='bbox 1270 2136 1327 2175; x_wconf 76' lang='lat' dir='ltr'>fa-</span> 
     </span>
     <span class='ocr_line' id='line_1_39' title="bbox 213 2192 1329 2249; baseline -0.008 -12"><span class='ocrx_word' id='word_1_263' title='bbox 213 2198 327 2237; x_wconf 82' lang='lat' dir='ltr'>cilius</span> <span class='ocrx_word' id='word_1_264' title='bbox 356 2194 583 2249; x_wconf 81' lang='lat' dir='ltr'>apparebit,</span> <span class='ocrx_word' id='word_1_265' title='bbox 623 2194 907 2245; x_wconf 81' lang='lat' dir='ltr'>Hieronymum</span> <span class='ocrx_word' id='word_1_266' title='bbox 937 2206 1013 2230; x_wconf 90' lang='lat' dir='ltr'>non</span> <span class='ocrx_word' id='word_1_267' title='bbox 1044 2205 1121 2230; x_wconf 91' lang='lat' dir='ltr'>esse</span> <span class='ocrx_word' id='word_1_268' title='bbox 1149 2192 1224 2229; x_wconf 90' lang='lat' dir='ltr'>sibi</span> <span class='ocrx_word' id='word_1_269' title='bbox 1253 2192 1329 2243; x_wconf 84' lang='lat' dir='ltr'>ipsi</span> 
     </span>
     <span class='ocr_line' id='line_1_40' title="bbox 212 2244 1328 2300; baseline -0.006 -11"><span class='ocrx_word' id='word_1_270' title='bbox 212 2252 473 2290; x_wconf 88' lang='lat' dir='ltr'>contrarium.</span> <span class='ocrx_word' id='word_1_271' title='bbox 507 2248 557 2286; x_wconf 92' lang='lat' dir='ltr'>Ut</span> <span class='ocrx_word' id='word_1_272' title='bbox 586 2250 690 2286; x_wconf 87' lang='lat' dir='ltr'>enim</span> <span class='ocrx_word' id='word_1_273' title='bbox 721 2250 847 2300; x_wconf 88' lang='lat' dir='ltr'>primo</span> <span class='ocrx_word' id='word_1_274' title='bbox 867 2247 1040 2294; x_wconf 81' lang='lat' dir='ltr'>dixerat,</span> <span class='ocrx_word' id='word_1_275' title='bbox 1072 2246 1186 2284; x_wconf 81' lang='lat' dir='ltr'>fuisse</span> <span class='ocrx_word' id='word_1_276' title='bbox 1202 2244 1328 2284; x_wconf 80' lang='lat' dir='ltr'>Patres</span> 
     </span>
     <span class='ocr_line' id='line_1_41' title="bbox 212 2299 1331 2351; baseline -0.006 -8"><span class='ocrx_word' id='word_1_277' title='bbox 212 2305 476 2344; x_wconf 79' lang='lat' dir='ltr'>Ariminenses</span> <span class='ocrx_word' id='word_1_278' title='bbox 508 2304 740 2341; x_wconf 86' lang='lat' dir='ltr'>Arianorum</span> <span class='ocrx_word' id='word_1_279' title='bbox 785 2300 986 2339; x_wconf 84' lang='lat' dir='ltr'>fraudibus</span> <span class='ocrx_word' id='word_1_280' title='bbox 1028 2299 1228 2351; x_wconf 88' lang='lat' dir='ltr'>deceptos,</span> <span class='ocrx_word' id='word_1_281' title='bbox 1276 2300 1331 2337; x_wconf 87' lang='lat' dir='ltr'>ita</span> 
     </span>
     <span class='ocr_line' id='line_1_42' title="bbox 213 2354 1330 2411; baseline -0.004 -16"><span class='ocrx_word' id='word_1_282' title='bbox 213 2369 342 2411; x_wconf 81' lang='lat' dir='ltr'>postea</span> <span class='ocrx_word' id='word_1_283' title='bbox 370 2364 637 2409; x_wconf 85' lang='lat' dir='ltr'>consequenter</span> <span class='ocrx_word' id='word_1_284' title='bbox 666 2355 797 2403; x_wconf 83' lang='lat' dir='ltr'>addit,</span> <span class='ocrx_word' id='word_1_285' title='bbox 846 2367 907 2392; x_wconf 82' lang='lat' dir='ltr'>eos</span> <span class='ocrx_word' id='word_1_286' title='bbox 937 2357 1104 2392; x_wconf 76' lang='lat' dir='ltr'>miratos</span> <span class='ocrx_word' id='word_1_287' title='bbox 1146 2354 1263 2391; x_wconf 80' lang='lat' dir='ltr'>fuisse</span> <span class='ocrx_word' id='word_1_288' title='bbox 1292 2366 1330 2391; x_wconf 91' lang='lat' dir='ltr'>se</span> 
     </span>
     <span class='ocr_line' id='line_1_43' title="bbox 216 2407 1330 2461; baseline -0.006 -11"><span class='ocrx_word' id='word_1_289' title='bbox 216 2426 293 2450; x_wconf 88' lang='lat' dir='ltr'>esse</span> <span class='ocrx_word' id='word_1_290' title='bbox 325 2413 509 2457; x_wconf 83' lang='lat' dir='ltr'>Arianos,</span> <span class='ocrx_word' id='word_1_291' title='bbox 561 2409 629 2447; x_wconf 91' lang='lat' dir='ltr'>hoc</span> <span class='ocrx_word' id='word_1_292' title='bbox 660 2418 737 2456; x_wconf 78' lang='lat' dir='ltr'>est,</span> <span class='ocrx_word' id='word_1_293' title='bbox 781 2408 1002 2461; x_wconf 83' lang='lat' dir='ltr'>cognovisse</span> <span class='ocrx_word' id='word_1_294' title='bbox 1030 2422 1068 2445; x_wconf 90' lang='lat' dir='ltr'>se</span> <span class='ocrx_word' id='word_1_295' title='bbox 1099 2407 1330 2445; x_wconf 86' lang='lat' dir='ltr'>Arianorum</span> 
     </span>
     <span class='ocr_line' id='line_1_44' title="bbox 215 2460 1331 2516; baseline -0.006 -12"><span class='ocrx_word' id='word_1_296' title='bbox 215 2466 398 2504; x_wconf 77' lang='lat' dir='ltr'>doctrinae</span> <span class='ocrx_word' id='word_1_297' title='bbox 431 2466 648 2516; x_wconf 79' lang='lat' dir='ltr'>ignoranter</span> <span class='ocrx_word' id='word_1_298' title='bbox 677 2463 969 2514; x_wconf 82' lang='lat' dir='ltr'>subscripsisse.</span> <span class='ocrx_word' id='word_1_299' title='bbox 1007 2460 1048 2500; x_wconf 90' lang='lat' dir='ltr'>Si</span> <span class='ocrx_word' id='word_1_300' title='bbox 1078 2462 1180 2498; x_wconf 87' lang='lat' dir='ltr'>enim</span> <span class='ocrx_word' id='word_1_301' title='bbox 1211 2462 1331 2498; x_wconf 88' lang='lat' dir='ltr'>scien-</span> 
     </span>
     <span class='ocr_line' id='line_1_45' title="bbox 215 2515 1332 2565; baseline -0.004 -8"><span class='ocrx_word' id='word_1_302' title='bbox 215 2528 271 2558; x_wconf 83' lang='lat' dir='ltr'>ter</span> <span class='ocrx_word' id='word_1_303' title='bbox 302 2519 338 2557; x_wconf 87' lang='lat' dir='ltr'>id</span> <span class='ocrx_word' id='word_1_304' title='bbox 356 2519 530 2556; x_wconf 81' lang='lat' dir='ltr'>fecissent</span> <span class='ocrx_word' id='word_1_305' title='bbox 548 2547 557 2565; x_wconf 86' lang='lat'>,</span> <span class='ocrx_word' id='word_1_306' title='bbox 589 2517 695 2555; x_wconf 85' lang='lat' dir='ltr'>nulla</span> <span class='ocrx_word' id='word_1_307' title='bbox 711 2518 757 2554; x_wconf 85' lang='lat' dir='ltr'>iis</span> <span class='ocrx_word' id='word_1_308' title='bbox 773 2517 903 2553; x_wconf 84' lang='lat' dir='ltr'>fuisset</span> <span class='ocrx_word' id='word_1_309' title='bbox 919 2515 1180 2553; x_wconf 81' lang='lat' dir='ltr'>admirationis</span> <span class='ocrx_word' id='word_1_310' title='bbox 1197 2527 1332 2552; x_wconf 78' lang='lat' dir='ltr'>causa.</span> 
     </span>
    </p>

    <p class='ocr_par' dir='ltr' id='par_1_4' title="bbox 218 2567 1332 2894">
     <span class='ocr_line' id='line_1_46' title="bbox 276 2567 1331 2623; baseline -0.007 -12"><span class='ocrx_word' id='word_1_311' title='bbox 276 2572 364 2611; x_wconf 78' lang='lat'>1¹5.</span> <span class='ocrx_word' id='word_1_312' title='bbox 394 2572 553 2610; x_wconf 80' lang='lat' dir='ltr'>Ultimae</span> <span class='ocrx_word' id='word_1_313' title='bbox 582 2570 805 2623; x_wconf 80' lang='lat' dir='ltr'>objectionis</span> <span class='ocrx_word' id='word_1_314' title='bbox 835 2571 934 2621; x_wconf 88' lang='lat' dir='ltr'>parti</span> <span class='ocrx_word' id='word_1_315' title='bbox 964 2583 1062 2620; x_wconf 83' lang='lat' dir='ltr'>resp.</span> <span class='ocrx_word' id='word_1_316' title='bbox 1080 2598 1090 2616; x_wconf 84' lang='lat'>,</span> <span class='ocrx_word' id='word_1_317' title='bbox 1122 2567 1331 2615; x_wconf 72' lang='lat' dir='ltr'>Faustino,</span> 
     </span>
     <span class='ocr_line' id='line_1_47' title="bbox 218 2622 1332 2676; baseline -0.007 -11"><span class='ocrx_word' id='word_1_318' title='bbox 218 2624 450 2666; x_wconf 79' lang='lat' dir='ltr'>Marcellino</span> <span class='ocrx_word' id='word_1_319' title='bbox 467 2655 477 2673; x_wconf 88' lang='lat'>,</span> <span class='ocrx_word' id='word_1_320' title='bbox 507 2625 669 2676; x_wconf 83' lang='lat' dir='ltr'>aliisque</span> <span class='ocrx_word' id='word_1_321' title='bbox 686 2624 941 2662; x_wconf 82' lang='lat' dir='ltr'>Luciferianis</span> <span class='ocrx_word' id='word_1_322' title='bbox 961 2622 1212 2661; x_wconf 85' lang='lat' dir='ltr'>schismaticis</span> <span class='ocrx_word' id='word_1_323' title='bbox 1233 2634 1332 2673; x_wconf 82' lang='lat' dir='ltr'>prae-</span> 
     </span>
     <span class='ocr_line' id='line_1_48' title="bbox 219 2673 1330 2731; baseline -0.005 -14"><span class='ocrx_word' id='word_1_324' title='bbox 219 2680 415 2717; x_wconf 79' lang='lat' dir='ltr'>ferendam</span> <span class='ocrx_word' id='word_1_325' title='bbox 453 2693 529 2716; x_wconf 90' lang='lat' dir='ltr'>esse</span> <span class='ocrx_word' id='word_1_326' title='bbox 558 2678 760 2731; x_wconf 86' lang='lat' dir='ltr'>Synodum</span> <span class='ocrx_word' id='word_1_327' title='bbox 799 2675 1100 2715; x_wconf 76' lang='lat' dir='ltr'>Alexandrinam</span> <span class='ocrx_word' id='word_1_328' title='bbox 1143 2690 1205 2713; x_wconf 86' lang='lat' dir='ltr'>an.</span> <span class='ocrx_word' id='word_1_329' title='bbox 1237 2673 1330 2713; x_wconf 80' lang='lat'>562.</span> 
     </span>
     <span class='ocr_line' id='line_1_49' title="bbox 218 2728 1331 2782; baseline -0.004 -12"><span class='ocrx_word' id='word_1_330' title='bbox 218 2734 289 2771; x_wconf 89' lang='lat' dir='ltr'>sub</span> <span class='ocrx_word' id='word_1_331' title='bbox 320 2732 523 2770; x_wconf 81' lang='lat' dir='ltr'>Athanasio</span> <span class='ocrx_word' id='word_1_332' title='bbox 552 2732 782 2770; x_wconf 83' lang='lat' dir='ltr'>celebratam</span> <span class='ocrx_word' id='word_1_333' title='bbox 801 2759 811 2778; x_wconf 86' lang='lat'>,</span> <span class='ocrx_word' id='word_1_334' title='bbox 842 2744 930 2782; x_wconf 86' lang='lat' dir='ltr'>quae</span> <span class='ocrx_word' id='word_1_335' title='bbox 960 2728 1170 2782; x_wconf 83' lang='lat' dir='ltr'>Episcopos</span> <span class='ocrx_word' id='word_1_336' title='bbox 1186 2729 1331 2766; x_wconf 87' lang='lat' dir='ltr'>Arimi-</span> 
     </span>
     <span class='ocr_line' id='line_1_50' title="bbox 218 2780 1331 2838; baseline -0.004 -14"><span class='ocrx_word' id='word_1_337' title='bbox 218 2800 350 2825; x_wconf 83' lang='lat' dir='ltr'>nenses</span> <span class='ocrx_word' id='word_1_338' title='bbox 368 2817 379 2834; x_wconf 86' lang='lat'>,</span> <span class='ocrx_word' id='word_1_339' title='bbox 408 2795 536 2838; x_wconf 80' lang='lat' dir='ltr'>utpote</span> <span class='ocrx_word' id='word_1_340' title='bbox 565 2787 632 2838; x_wconf 87' lang='lat' dir='ltr'>qui</span> <span class='ocrx_word' id='word_1_341' title='bbox 662 2798 737 2823; x_wconf 89' lang='lat' dir='ltr'>non</span> <span class='ocrx_word' id='word_1_342' title='bbox 768 2782 917 2822; x_wconf 86' lang='lat' dir='ltr'>malitia</span> <span class='ocrx_word' id='word_1_343' title='bbox 945 2790 1224 2836; x_wconf 84' lang='lat' dir='ltr'>peccaverant,</span> <span class='ocrx_word' id='word_1_344' title='bbox 1268 2780 1331 2819; x_wconf 87' lang='lat' dir='ltr'>sed</span> 
     </span>
     <span class='ocr_line' id='line_1_51' title="bbox 220 2837 1332 2894; baseline -0.005 -14"><span class='ocrx_word' id='word_1_345' title='bbox 220 2840 432 2894; x_wconf 78' lang='lat' dir='ltr'>ignorantia</span> <span class='ocrx_word' id='word_1_346' title='bbox 461 2840 558 2892; x_wconf 88' lang='lat' dir='ltr'>lapsi</span> <span class='ocrx_word' id='word_1_347' title='bbox 587 2849 719 2888; x_wconf 85' lang='lat' dir='ltr'>erant,</span> <span class='ocrx_word' id='word_1_348' title='bbox 749 2839 791 2876; x_wconf 90' lang='lat' dir='ltr'>in</span> <span class='ocrx_word' id='word_1_349' title='bbox 812 2838 1122 2877; x_wconf 83' lang='lat' dir='ltr'>communionem</span> <span class='ocrx_word' id='word_1_350' title='bbox 1143 2837 1332 2889; x_wconf 87' lang='lat' dir='ltr'>recipien-</span> 
     </span>
    </p>
   </div>
   <div class='ocr_carea' id='block_1_2' title="bbox 224 3000 1341 3422">
    <p class='ocr_par' dir='ltr' id='par_1_5' title="bbox 224 3000 1341 3422">
     <span class='ocr_line' id='line_1_52' title="bbox 270 3000 1337 3050; baseline -0.004 -9"><span class='ocrx_word' id='word_1_351' title='bbox 270 3012 316 3047; x_wconf 54' lang='lat' dir='ltr'>(a)</span> <span class='ocrx_word' id='word_1_352' title='bbox 344 3008 452 3042; x_wconf 82' lang='lat' dir='ltr'>NulIo</span> <span class='ocrx_word' id='word_1_353' title='bbox 476 3005 578 3042; x_wconf 86' lang='lat' dir='ltr'>modo</span> <span class='ocrx_word' id='word_1_354' title='bbox 617 3005 811 3041; x_wconf 82' lang='lat' dir='ltr'>verisimile</span> <span class='ocrx_word' id='word_1_355' title='bbox 845 3001 987 3039; x_wconf 83' lang='lat' dir='ltr'>videtur</span> <span class='ocrx_word' id='word_1_356' title='bbox 1005 3027 1015 3045; x_wconf 95' lang='lat'>‚</span> <span class='ocrx_word' id='word_1_357' title='bbox 1057 3000 1150 3050; x_wconf 83' lang='lat' dir='ltr'>qnod</span> <span class='ocrx_word' id='word_1_358' title='bbox 1177 3002 1337 3037; x_wconf 81' lang='lat' dir='ltr'>Rnffinus</span> 
     </span>
     <span class='ocr_line' id='line_1_53' title="bbox 225 3049 1338 3099; baseline -0.003 -13"><span class='ocrx_word' id='word_1_359' title='bbox 225 3051 324 3086; x_wconf 63' lang='lat' dir='ltr'>Hist.</span> <span class='ocrx_word' id='word_1_360' title='bbox 352 3055 449 3089; x_wconf 83' lang='lat' dir='ltr'>Eccl.</span> <span class='ocrx_word' id='word_1_361' title='bbox 476 3067 551 3099; x_wconf 81' lang='lat' dir='ltr'>cap.</span> <span class='ocrx_word' id='word_1_362' title='bbox 579 3065 632 3086; x_wconf 81' lang='lat'>21.</span> <span class='ocrx_word' id='word_1_363' title='bbox 654 3075 665 3094; x_wconf 86' lang='lat'><em>‚</em></span> <span class='ocrx_word' id='word_1_364' title='bbox 707 3057 738 3085; x_wconf 87' lang='lat'>&amp;</span> <span class='ocrx_word' id='word_1_365' title='bbox 763 3053 924 3086; x_wconf 75' lang='lat' dir='ltr'>Julianus</span> <span class='ocrx_word' id='word_1_366' title='bbox 954 3052 1158 3085; x_wconf 69' lang='lat' dir='ltr'>Eclanensis</span> <span class='ocrx_word' id='word_1_367' title='bbox 1184 3049 1276 3096; x_wconf 84' lang='lat' dir='ltr'>apud</span> <span class='ocrx_word' id='word_1_368' title='bbox 1303 3051 1338 3084; x_wconf 88' lang='lat' dir='ltr'>S.</span> 
     </span>
     <span class='ocr_line' id='line_1_54' title="bbox 224 3098 1338 3143; baseline -0.002 -11"><span class='ocrx_word' id='word_1_369' title='bbox 224 3099 460 3143; x_wconf 80' lang='lat' dir='ltr'>Angustinnm</span> <span class='ocrx_word' id='word_1_370' title='bbox 488 3101 566 3134; x_wconf 85' lang='lat' dir='ltr'>Lib.</span> <span class='ocrx_word' id='word_1_371' title='bbox 595 3103 619 3133; x_wconf 88' lang='grc' dir='ltr'>Ι.</span> <span class='ocrx_word' id='word_1_372' title='bbox 644 3101 770 3143; x_wconf 76' lang='lat' dir='ltr'>Operis</span> <span class='ocrx_word' id='word_1_373' title='bbox 797 3099 992 3142; x_wconf 63' lang='lat' dir='ltr'>imperfecti</span> <span class='ocrx_word' id='word_1_374' title='bbox 1020 3111 1049 3132; x_wconf 85' lang='lat' dir='ltr'>c.</span> <span class='ocrx_word' id='word_1_375' title='bbox 1079 3098 1134 3142; x_wconf 75' lang='grc'>76.</span> <span class='ocrx_word' id='word_1_376' title='bbox 1166 3105 1338 3137; x_wconf 85' lang='lat' dir='ltr'>narrant,</span> 
     </span>
     <span class='ocr_line' id='line_1_55' title="bbox 228 3145 1339 3190; baseline -0.001 -11"><span class='ocrx_word' id='word_1_377' title='bbox 228 3147 273 3179; x_wconf 77' lang='lat' dir='ltr'>ab</span> <span class='ocrx_word' id='word_1_378' title='bbox 300 3146 436 3178; x_wconf 65' lang='lat' dir='ltr'>Arianis</span> <span class='ocrx_word' id='word_1_379' title='bbox 463 3149 566 3181; x_wconf 64' lang='lat' dir='ltr'>fuisse</span> <span class='ocrx_word' id='word_1_380' title='bbox 592 3148 720 3180; x_wconf 82' lang='lat' dir='ltr'>nostris</span> <span class='ocrx_word' id='word_1_381' title='bbox 749 3148 991 3190; x_wconf 83' lang='lat' dir='ltr'>propositum,</span> <span class='ocrx_word' id='word_1_382' title='bbox 1015 3156 1121 3190; x_wconf 85' lang='lat' dir='ltr'>quem</span> <span class='ocrx_word' id='word_1_383' title='bbox 1146 3145 1256 3188; x_wconf 77' lang='lat' dir='ltr'>magis</span> <span class='ocrx_word' id='word_1_384' title='bbox 1283 3156 1339 3178; x_wconf 88' lang='lat' dir='ltr'>co-</span> 
     </span>
     <span class='ocr_line' id='line_1_56' title="bbox 228 3191 1340 3233; baseline -0.001 -9"><span class='ocrx_word' id='word_1_385' title='bbox 228 3192 320 3230; x_wconf 83' lang='lat' dir='ltr'>lere,</span> <span class='ocrx_word' id='word_1_386' title='bbox 348 3194 379 3222; x_wconf 71' lang='lat'>8&lt;</span> <span class='ocrx_word' id='word_1_387' title='bbox 404 3191 544 3225; x_wconf 83' lang='lat' dir='ltr'>adorare</span> <span class='ocrx_word' id='word_1_388' title='bbox 564 3194 719 3233; x_wconf 86' lang='lat' dir='ltr'>vellent,</span> <span class='ocrx_word' id='word_1_389' title='bbox 744 3193 965 3232; x_wconf 66' lang='lat' dir='ltr'>homousion,</span> <span class='ocrx_word' id='word_1_390' title='bbox 991 3204 1035 3225; x_wconf 86' lang='lat' dir='ltr'>an</span> <span class='ocrx_word' id='word_1_391' title='bbox 1062 3191 1267 3225; x_wconf 79' lang='lat' dir='ltr'>Christum?</span> <span class='ocrx_word' id='word_1_392' title='bbox 1296 3191 1340 3223; x_wconf 81' lang='lat'>11-</span> 
     </span>
     <span class='ocr_line' id='line_1_57' title="bbox 227 3237 1340 3283; baseline -0.002 -12"><span class='ocrx_word' id='word_1_393' title='bbox 227 3239 270 3271; x_wconf 90' lang='lat' dir='ltr'>lis</span> <span class='ocrx_word' id='word_1_394' title='bbox 298 3239 466 3271; x_wconf 69' lang='lat' dir='ltr'>virtutem</span> <span class='ocrx_word' id='word_1_395' title='bbox 485 3238 579 3271; x_wconf 85' lang='lat' dir='ltr'>verbi</span> <span class='ocrx_word' id='word_1_396' title='bbox 601 3239 796 3272; x_wconf 63' lang='lat' dir='ltr'>homousion</span> <span class='ocrx_word' id='word_1_397' title='bbox 816 3237 1057 3283; x_wconf 79' lang='lat' dir='ltr'>ignorantibus</span> <span class='ocrx_word' id='word_1_398' title='bbox 1075 3259 1085 3278; x_wconf 89' lang='lat'>‚</span> <span class='ocrx_word' id='word_1_399' title='bbox 1111 3238 1206 3271; x_wconf 81' lang='lat' dir='ltr'>velut</span> <span class='ocrx_word' id='word_1_400' title='bbox 1233 3238 1269 3270; x_wconf 89' lang='lat' dir='ltr'>in</span> <span class='ocrx_word' id='word_1_401' title='bbox 1287 3237 1340 3269; x_wconf 81' lang='lat' dir='ltr'>fa-</span> 
     </span>
     <span class='ocr_line' id='line_1_58' title="bbox 229 3281 1339 3326; baseline -0.003 -8"><span class='ocrx_word' id='word_1_402' title='bbox 229 3283 375 3318; x_wconf 65' lang='lat' dir='ltr'>sti-Imm</span> <span class='ocrx_word' id='word_1_403' title='bbox 394 3281 565 3326; x_wconf 74' lang='lat' dir='ltr'>quoddam</span> <span class='ocrx_word' id='word_1_404' title='bbox 580 3305 590 3323; x_wconf 88' lang='lat'>‚</span> <span class='ocrx_word' id='word_1_405' title='bbox 616 3289 646 3315; x_wconf 72' lang='grc' dir='ltr'>δε</span> <span class='ocrx_word' id='word_1_406' title='bbox 661 3286 919 3319; x_wconf 78' lang='lat' dir='ltr'>execrationem</span> <span class='ocrx_word' id='word_1_407' title='bbox 935 3296 1129 3318; x_wconf 85' lang='lat' dir='ltr'>sermonem</span> <span class='ocrx_word' id='word_1_408' title='bbox 1148 3283 1339 3317; x_wconf 84' lang='lat' dir='ltr'>deductum</span> 
     </span>
     <span class='ocr_line' id='line_1_59' title="bbox 230 3329 1341 3370; baseline -0.001 -7"><span class='ocrx_word' id='word_1_409' title='bbox 230 3332 360 3369; x_wconf 71' lang='lat' dir='ltr'>fuisse,</span> <span class='ocrx_word' id='word_1_410' title='bbox 387 3330 528 3362; x_wconf 67' lang='lat' dir='ltr'>Lhristo</span> <span class='ocrx_word' id='word_1_411' title='bbox 553 3341 587 3362; x_wconf 74' lang='lat' dir='ltr'>se</span> <span class='ocrx_word' id='word_1_412' title='bbox 615 3329 779 3370; x_wconf 80' lang='lat' dir='ltr'>credere,</span> <span class='ocrx_word' id='word_1_413' title='bbox 821 3344 888 3364; x_wconf 90' lang='lat' dir='ltr'>non</span> <span class='ocrx_word' id='word_1_414' title='bbox 916 3332 1111 3364; x_wconf 80' lang='lat' dir='ltr'>homousion</span> <span class='ocrx_word' id='word_1_415' title='bbox 1138 3330 1341 3363; x_wconf 81' lang='lat' dir='ltr'>confirmas-</span> 
     </span>
     <span class='ocr_line' id='line_1_60' title="bbox 230 3377 1340 3422; baseline -0.001 -12"><span class='ocrx_word' id='word_1_416' title='bbox 230 3389 265 3410; x_wconf 82' lang='lat' dir='ltr'>se</span> <span class='ocrx_word' id='word_1_417' title='bbox 280 3400 288 3408; x_wconf 86' lang='lat'>-</span> <span class='ocrx_word' id='word_1_418' title='bbox 315 3378 371 3410; x_wconf 87' lang='lat' dir='ltr'>Sic</span> <span class='ocrx_word' id='word_1_419' title='bbox 400 3377 616 3417; x_wconf 83' lang='lat' dir='ltr'>multorum,</span> <span class='ocrx_word' id='word_1_420' title='bbox 641 3384 768 3420; x_wconf 81' lang='lat' dir='ltr'>praeter</span> <span class='ocrx_word' id='word_1_421' title='bbox 791 3389 917 3421; x_wconf 84' lang='lat' dir='ltr'>pancos</span> <span class='ocrx_word' id='word_1_422' title='bbox 932 3399 944 3418; x_wconf 89' lang='lat'><em>‚</em></span> <span class='ocrx_word' id='word_1_423' title='bbox 970 3378 1028 3422; x_wconf 81' lang='lat' dir='ltr'>qui</span> <span class='ocrx_word' id='word_1_424' title='bbox 1054 3378 1206 3411; x_wconf 82' lang='lat' dir='ltr'>scienter</span> <span class='ocrx_word' id='word_1_425' title='bbox 1222 3377 1340 3421; x_wconf 82' lang='lat' dir='ltr'>prola-</span> 
     </span>
    </p>
   </div>
   <div class='ocr_carea' id='block_1_3' title="bbox 968 128 1775 178">
    <p class='ocr_par' dir='ltr' id='par_1_6' title="bbox 968 128 1775 178">
     <span class='ocr_line' id='line_1_61' title="bbox 968 128 1775 178; baseline -0.007 0"><span class='ocrx_word' id='word_1_426' title='bbox 968 133 1374 178; x_wconf 78' lang='lat' dir='ltr'>DISSERTATIO</span> <span class='ocrx_word' id='word_1_427' title='bbox 1406 130 1486 176; x_wconf 86' lang='lat' dir='ltr'>IV.</span> <span class='ocrx_word' id='word_1_428' title='bbox 1531 129 1660 175; x_wconf 86' lang='lat' dir='ltr'>CAP.</span> <span class='ocrx_word' id='word_1_429' title='bbox 1694 128 1775 174; x_wconf 87' lang='lat' dir='ltr'>IV.</span> 
     </span>
    </p>
   </div>
   <div class='ocr_carea' id='block_1_4' title="bbox 1390 207 2510 425">
    <p class='ocr_par' dir='ltr' id='par_1_7' title="bbox 1390 207 2510 425">
     <span class='ocr_line' id='line_1_62' title="bbox 1390 207 2506 260; baseline 0.001 -10"><span class='ocrx_word' id='word_1_430' title='bbox 1390 213 1479 260; x_wconf 88' lang='lat' dir='ltr'>dos,</span> <span class='ocrx_word' id='word_1_431' title='bbox 1511 213 1588 249; x_wconf 84' lang='lat' dir='ltr'>imo</span> <span class='ocrx_word' id='word_1_432' title='bbox 1618 212 1658 248; x_wconf 88' lang='lat' dir='ltr'>in</span> <span class='ocrx_word' id='word_1_433' title='bbox 1687 210 1764 247; x_wconf 90' lang='lat' dir='ltr'>suis</span> <span class='ocrx_word' id='word_1_434' title='bbox 1793 207 1946 247; x_wconf 86' lang='lat' dir='ltr'>sedibus</span> <span class='ocrx_word' id='word_1_435' title='bbox 1973 209 2248 249; x_wconf 82' lang='lat' dir='ltr'>conservandos</span> <span class='ocrx_word' id='word_1_436' title='bbox 2278 223 2355 248; x_wconf 84' lang='lat' dir='ltr'>esse</span> <span class='ocrx_word' id='word_1_437' title='bbox 2375 208 2506 251; x_wconf 84' lang='lat' dir='ltr'>decre·</span> 
     </span>
     <span class='ocr_line' id='line_1_63' title="bbox 1391 261 2508 317; baseline -0.002 -12"><span class='ocrx_word' id='word_1_438' title='bbox 1391 267 1475 310; x_wconf 87' lang='lat' dir='ltr'>vit‚·</span> <span class='ocrx_word' id='word_1_439' title='bbox 1505 266 1568 303; x_wconf 90' lang='lat' dir='ltr'>cui</span> <span class='ocrx_word' id='word_1_440' title='bbox 1599 265 1745 301; x_wconf 87' lang='lat' dir='ltr'>decreto</span> <span class='ocrx_word' id='word_1_441' title='bbox 1774 261 1989 300; x_wconf 82' lang='lat' dir='ltr'>christianae</span> <span class='ocrx_word' id='word_1_442' title='bbox 2019 263 2213 302; x_wconf 84' lang='lat' dir='ltr'>charitatis</span> <span class='ocrx_word' id='word_1_443' title='bbox 2242 263 2356 317; x_wconf 84' lang='lat' dir='ltr'>pleno</span> <span class='ocrx_word' id='word_1_444' title='bbox 2375 278 2508 304; x_wconf 86' lang='lat' dir='ltr'>omnes</span> 
     </span>
     <span class='ocr_line' id='line_1_64' title="bbox 1391 315 2510 367; baseline -0.007 -10"><span class='ocrx_word' id='word_1_445' title='bbox 1391 318 1571 358; x_wconf 86' lang='lat' dir='ltr'>catholici</span> <span class='ocrx_word' id='word_1_446' title='bbox 1600 317 1704 355; x_wconf 87' lang='lat' dir='ltr'>orbis</span> <span class='ocrx_word' id='word_1_447' title='bbox 1734 315 1945 367; x_wconf 88' lang='lat' dir='ltr'>Episcopi,</span> <span class='ocrx_word' id='word_1_448' title='bbox 1993 315 2082 354; x_wconf 88' lang='lat' dir='ltr'>solis</span> <span class='ocrx_word' id='word_1_449' title='bbox 2110 318 2369 359; x_wconf 74' lang='lat' dir='ltr'>Luciferianis</span> <span class='ocrx_word' id='word_1_450' title='bbox 2399 329 2510 358; x_wconf 79' lang='lat' dir='ltr'>exce-</span> 
     </span>
     <span class='ocr_line' id='line_1_65' title="bbox 1390 368 2012 425; baseline -0.008 -14"><span class='ocrx_word' id='word_1_451' title='bbox 1390 374 1490 425; x_wconf 85' lang='lat' dir='ltr'>ptis,</span> <span class='ocrx_word' id='word_1_452' title='bbox 1521 385 1667 409; x_wconf 86' lang='lat' dir='ltr'>morem</span> <span class='ocrx_word' id='word_1_453' title='bbox 1695 378 1888 422; x_wconf 88' lang='lat' dir='ltr'>gesserunt</span> <span class='ocrx_word' id='word_1_454' title='bbox 1918 368 1982 421; x_wconf 78' lang='lat' dir='ltr'>(a)</span> <span class='ocrx_word' id='word_1_455' title='bbox 2002 395 2012 407; x_wconf 90' lang='lat'>.</span> 
     </span>
    </p>
   </div>
   <div class='ocr_carea' id='block_1_5' title="bbox 1593 473 2314 638">
    <p class='ocr_par' dir='ltr' id='par_1_8' title="bbox 1593 473 2314 638">
     <span class='ocr_line' id='line_1_66' title="bbox 1771 473 2133 515; baseline 0 -1"><span class='ocrx_word' id='word_1_456' title='bbox 1771 476 1801 515; x_wconf 91' lang='lat' dir='ltr'>C</span> <span class='ocrx_word' id='word_1_457' title='bbox 1823 474 1854 514; x_wconf 91' lang='lat' dir='ltr'>A</span> <span class='ocrx_word' id='word_1_458' title='bbox 1875 473 1903 514; x_wconf 93' lang='lat' dir='ltr'>P</span> <span class='ocrx_word' id='word_1_459' title='bbox 1924 474 1961 514; x_wconf 93' lang='lat' dir='ltr'>U</span> <span class='ocrx_word' id='word_1_460' title='bbox 1982 475 2016 514; x_wconf 91' lang='lat' dir='ltr'>T</span> <span class='ocrx_word' id='word_1_461' title='bbox 2080 474 2133 515; x_wconf 86' lang='lat' dir='ltr'>V.</span> 
     </span>
     <span class='ocr_line' id='line_1_67' title="bbox 1593 581 2314 638; baseline 0.004 -16"><span class='ocrx_word' id='word_1_462' title='bbox 1593 582 1659 624; x_wconf 84' lang='lat' dir='ltr'>De</span> <span class='ocrx_word' id='word_1_463' title='bbox 1688 581 1845 622; x_wconf 78' lang='lat' dir='ltr'>Liberio</span> <span class='ocrx_word' id='word_1_464' title='bbox 1875 582 2063 621; x_wconf 84' lang='lat' dir='ltr'>Romano</span> <span class='ocrx_word' id='word_1_465' title='bbox 2091 582 2314 638; x_wconf 68' lang='lat' dir='ltr'>Pontifice-</span> 
     </span>
    </p>
   </div>
   <div class='ocr_carea' id='block_1_6' title="bbox 1391 665 2523 2925">
    <p class='ocr_par' dir='ltr' id='par_1_9' title="bbox 1391 665 2516 1331">
     <span class='ocr_line' id='line_1_68' title="bbox 1452 665 2514 737; baseline 0.004 -8"><span class='ocrx_word' id='word_1_466' title='bbox 1452 705 1464 729; x_wconf 87' lang='lat'>1</span> <span class='ocrx_word' id='word_1_467' title='bbox 1480 690 1538 737; x_wconf 68' lang='lat'>14.</span> <span class='ocrx_word' id='word_1_468' title='bbox 1557 665 1763 730; x_wconf 81' lang='lat' dir='ltr'>Liberius</span> <span class='ocrx_word' id='word_1_469' title='bbox 1792 703 1892 728; x_wconf 85' lang='lat' dir='ltr'>anno</span> <span class='ocrx_word' id='word_1_470' title='bbox 1913 691 2005 730; x_wconf 83' lang='lat'>552.</span> <span class='ocrx_word' id='word_1_471' title='bbox 2035 690 2140 730; x_wconf 86' lang='lat' dir='ltr'>Julio</span> <span class='ocrx_word' id='word_1_472' title='bbox 2169 692 2209 730; x_wconf 90' lang='lat' dir='ltr'>in</span> <span class='ocrx_word' id='word_1_473' title='bbox 2231 690 2401 732; x_wconf 83' lang='lat' dir='ltr'>Romano</span> <span class='ocrx_word' id='word_1_474' title='bbox 2416 692 2514 733; x_wconf 67' lang='lat' dir='ltr'>Pon-²</span> 
     </span>
     <span class='ocr_line' id='line_1_69' title="bbox 1391 744 2514 801; baseline 0.002 -17"><span class='ocrx_word' id='word_1_475' title='bbox 1391 745 1537 784; x_wconf 87' lang='lat' dir='ltr'>tificatu</span> <span class='ocrx_word' id='word_1_476' title='bbox 1568 746 1772 782; x_wconf 86' lang='lat' dir='ltr'>successit.</span> <span class='ocrx_word' id='word_1_477' title='bbox 1822 746 1938 782; x_wconf 88' lang='lat' dir='ltr'>Anno</span> <span class='ocrx_word' id='word_1_478' title='bbox 1965 744 2057 784; x_wconf 89' lang='grc'>555.</span> <span class='ocrx_word' id='word_1_479' title='bbox 2087 760 2110 783; x_wconf 88' lang='lat' dir='ltr'>a</span> <span class='ocrx_word' id='word_1_480' title='bbox 2138 746 2356 785; x_wconf 86' lang='lat' dir='ltr'>Constantio</span> <span class='ocrx_word' id='word_1_481' title='bbox 2386 748 2514 801; x_wconf 87' lang='lat' dir='ltr'>Impe-</span> 
     </span>
     <span class='ocr_line' id='line_1_70' title="bbox 1392 796 2514 852; baseline 0.004 -16"><span class='ocrx_word' id='word_1_482' title='bbox 1392 808 1515 837; x_wconf 85' lang='lat' dir='ltr'>ratore</span> <span class='ocrx_word' id='word_1_483' title='bbox 1535 796 1804 837; x_wconf 74' lang='lat' dir='ltr'>Mediolanum</span> <span class='ocrx_word' id='word_1_484' title='bbox 1836 799 1980 837; x_wconf 86' lang='lat' dir='ltr'>accitus</span> <span class='ocrx_word' id='word_1_485' title='bbox 2010 813 2077 837; x_wconf 86' lang='lat' dir='ltr'>nec</span> <span class='ocrx_word' id='word_1_486' title='bbox 2097 801 2292 852; x_wconf 85' lang='lat' dir='ltr'>promissis</span> <span class='ocrx_word' id='word_1_487' title='bbox 2307 831 2318 849; x_wconf 92' lang='lat'>,</span> <span class='ocrx_word' id='word_1_488' title='bbox 2347 815 2418 840; x_wconf 86' lang='lat' dir='ltr'>nec</span> <span class='ocrx_word' id='word_1_489' title='bbox 2437 804 2514 841; x_wconf 87' lang='lat' dir='ltr'>mi-</span> 
     </span>
     <span class='ocr_line' id='line_1_71' title="bbox 1393 851 2514 903; baseline 0.003 -12"><span class='ocrx_word' id='word_1_490' title='bbox 1393 855 1453 891; x_wconf 87' lang='lat' dir='ltr'>nis</span> <span class='ocrx_word' id='word_1_491' title='bbox 1482 852 1585 891; x_wconf 86' lang='lat' dir='ltr'>flecti</span> <span class='ocrx_word' id='word_1_492' title='bbox 1615 853 1761 903; x_wconf 86' lang='lat' dir='ltr'>potuit,</span> <span class='ocrx_word' id='word_1_493' title='bbox 1792 860 1832 889; x_wconf 90' lang='lat' dir='ltr'>ut</span> <span class='ocrx_word' id='word_1_494' title='bbox 1852 851 2051 890; x_wconf 83' lang='lat' dir='ltr'>Athanasii</span> <span class='ocrx_word' id='word_1_495' title='bbox 2081 854 2392 893; x_wconf 86' lang='lat' dir='ltr'>condemnationi</span> <span class='ocrx_word' id='word_1_496' title='bbox 2422 869 2514 894; x_wconf 84' lang='lat' dir='ltr'>cou-</span> 
     </span>
     <span class='ocr_line' id='line_1_72' title="bbox 1392 905 2516 953; baseline 0.003 -9"><span class='ocrx_word' id='word_1_497' title='bbox 1392 907 1570 945; x_wconf 87' lang='lat' dir='ltr'>sentiret.</span> <span class='ocrx_word' id='word_1_498' title='bbox 1602 905 1868 953; x_wconf 83' lang='lat' dir='ltr'>Quamobrem</span> <span class='ocrx_word' id='word_1_499' title='bbox 1890 907 2128 944; x_wconf 86' lang='lat' dir='ltr'>Constantius</span> <span class='ocrx_word' id='word_1_500' title='bbox 2158 921 2246 945; x_wconf 85' lang='lat' dir='ltr'>eum</span> <span class='ocrx_word' id='word_1_501' title='bbox 2267 907 2444 947; x_wconf 82' lang='lat' dir='ltr'>Beroeam</span> <span class='ocrx_word' id='word_1_502' title='bbox 2475 910 2516 948; x_wconf 86' lang='lat' dir='ltr'>in</span> 
     </span>
     <span class='ocr_line' id='line_1_73' title="bbox 1393 958 2513 1012; baseline 0.003 -14"><span class='ocrx_word' id='word_1_503' title='bbox 1393 959 1562 999; x_wconf 87' lang='lat' dir='ltr'>Thracia</span> <span class='ocrx_word' id='word_1_504' title='bbox 1591 960 1706 998; x_wconf 76' lang='lat' dir='ltr'>exilio</span> <span class='ocrx_word' id='word_1_505' title='bbox 1735 958 1941 1011; x_wconf 84' lang='lat' dir='ltr'>relegavit,</span> <span class='ocrx_word' id='word_1_506' title='bbox 1971 960 2102 998; x_wconf 87' lang='lat' dir='ltr'>Felice</span> <span class='ocrx_word' id='word_1_507' title='bbox 2124 962 2164 999; x_wconf 86' lang='lat' dir='ltr'>in</span> <span class='ocrx_word' id='word_1_508' title='bbox 2186 960 2268 1012; x_wconf 77' lang='lat' dir='ltr'>ejus</span> <span class='ocrx_word' id='word_1_509' title='bbox 2283 961 2413 1001; x_wconf 88' lang='lat' dir='ltr'>locum</span> <span class='ocrx_word' id='word_1_510' title='bbox 2433 963 2513 1001; x_wconf 85' lang='lat' dir='ltr'>suf-</span> 
     </span>
     <span class='ocr_line' id='line_1_74' title="bbox 1392 1012 2513 1065; baseline 0.002 -13"><span class='ocrx_word' id='word_1_511' title='bbox 1392 1014 1514 1061; x_wconf 82' lang='lat' dir='ltr'>fect03</span> <span class='ocrx_word' id='word_1_512' title='bbox 1553 1012 1681 1065; x_wconf 87' lang='lat' dir='ltr'>elapso</span> <span class='ocrx_word' id='word_1_513' title='bbox 1709 1022 1834 1051; x_wconf 82' lang='lat' dir='ltr'>tamen</span> <span class='ocrx_word' id='word_1_514' title='bbox 1865 1013 2024 1051; x_wconf 85' lang='lat' dir='ltr'>biennio</span> <span class='ocrx_word' id='word_1_515' title='bbox 2052 1014 2232 1053; x_wconf 86' lang='lat' dir='ltr'>Liberius</span> <span class='ocrx_word' id='word_1_516' title='bbox 2261 1014 2424 1054; x_wconf 85' lang='lat' dir='ltr'>Romam</span> <span class='ocrx_word' id='word_1_517' title='bbox 2453 1029 2513 1054; x_wconf 89' lang='lat' dir='ltr'>re-</span> 
     </span>
     <span class='ocr_line' id='line_1_75' title="bbox 1392 1067 2514 1107; baseline 0.002 -2"><span class='ocrx_word' id='word_1_518' title='bbox 1392 1069 1535 1106; x_wconf 84' lang='lat' dir='ltr'>meavit</span> <span class='ocrx_word' id='word_1_519' title='bbox 1566 1081 1645 1105; x_wconf 80' lang='lat' dir='ltr'>suae</span> <span class='ocrx_word' id='word_1_520' title='bbox 1676 1067 1754 1106; x_wconf 87' lang='lat' dir='ltr'>sedi</span> <span class='ocrx_word' id='word_1_521' title='bbox 1785 1068 1975 1104; x_wconf 86' lang='lat' dir='ltr'>restitutus</span> <span class='ocrx_word' id='word_1_522' title='bbox 1997 1094 2007 1105; x_wconf 89' lang='lat'>.</span> <span class='ocrx_word' id='word_1_523' title='bbox 2055 1068 2278 1107; x_wconf 87' lang='lat' dir='ltr'>Communis</span> <span class='ocrx_word' id='word_1_524' title='bbox 2308 1068 2388 1107; x_wconf 84' lang='lat' dir='ltr'>fere</span> <span class='ocrx_word' id='word_1_525' title='bbox 2417 1069 2514 1107; x_wconf 84' lang='lat' dir='ltr'>olim</span> 
     </span>
     <span class='ocr_line' id='line_1_76' title="bbox 1393 1121 2514 1175; baseline 0.004 -17"><span class='ocrx_word' id='word_1_526' title='bbox 1393 1122 1577 1159; x_wconf 79' lang='lat' dir='ltr'>sententia</span> <span class='ocrx_word' id='word_1_527' title='bbox 1598 1129 1702 1169; x_wconf 78' lang='lat' dir='ltr'>erat,</span> <span class='ocrx_word' id='word_1_528' title='bbox 1734 1135 1821 1158; x_wconf 86' lang='lat' dir='ltr'>eum</span> <span class='ocrx_word' id='word_1_529' title='bbox 1840 1121 1987 1159; x_wconf 88' lang='lat' dir='ltr'>nonnisi</span> <span class='ocrx_word' id='word_1_530' title='bbox 2005 1123 2126 1173; x_wconf 82' lang='lat' dir='ltr'>pretio</span> <span class='ocrx_word' id='word_1_531' title='bbox 2141 1123 2392 1175; x_wconf 86' lang='lat' dir='ltr'>deplorabilis</span> <span class='ocrx_word' id='word_1_532' title='bbox 2413 1136 2514 1175; x_wconf 80' lang='lat' dir='ltr'>prae-</span> 
     </span>
     <span class='ocr_line' id='line_1_77' title="bbox 1392 1174 2514 1223; baseline 0.002 -10"><span class='ocrx_word' id='word_1_533' title='bbox 1392 1175 1637 1213; x_wconf 86' lang='lat' dir='ltr'>varicationis</span> <span class='ocrx_word' id='word_1_534' title='bbox 1667 1174 1706 1212; x_wconf 84' lang='lat' dir='ltr'>id</span> <span class='ocrx_word' id='word_1_535' title='bbox 1736 1183 1982 1212; x_wconf 86' lang='lat' dir='ltr'>consecutum</span> <span class='ocrx_word' id='word_1_536' title='bbox 2013 1175 2155 1223; x_wconf 81' lang='lat' dir='ltr'>fuisse,</span> <span class='ocrx_word' id='word_1_537' title='bbox 2186 1175 2332 1214; x_wconf 86' lang='lat' dir='ltr'>scilicet</span> <span class='ocrx_word' id='word_1_538' title='bbox 2353 1177 2514 1215; x_wconf 86' lang='lat' dir='ltr'>damna-</span> 
     </span>
     <span class='ocr_line' id='line_1_78' title="bbox 1392 1227 2510 1279; baseline 0.002 -13"><span class='ocrx_word' id='word_1_539' title='bbox 1392 1237 1430 1266; x_wconf 89' lang='lat' dir='ltr'>to</span> <span class='ocrx_word' id='word_1_540' title='bbox 1460 1227 1667 1266; x_wconf 81' lang='lat' dir='ltr'>Athanasio</span> <span class='ocrx_word' id='word_1_541' title='bbox 1696 1228 1966 1264; x_wconf 85' lang='lat' dir='ltr'>communione</span> <span class='ocrx_word' id='word_1_542' title='bbox 2009 1241 2097 1265; x_wconf 85' lang='lat' dir='ltr'>curn</span> <span class='ocrx_word' id='word_1_543' title='bbox 2130 1230 2279 1268; x_wconf 84' lang='lat' dir='ltr'>Arianis</span> <span class='ocrx_word' id='word_1_544' title='bbox 2308 1231 2432 1279; x_wconf 85' lang='lat' dir='ltr'>inita,</span> <span class='ocrx_word' id='word_1_545' title='bbox 2475 1229 2510 1267; x_wconf 74' lang='grc' dir='ltr'>δε</span> 
     </span>
     <span class='ocr_line' id='line_1_79' title="bbox 1393 1278 2186 1331; baseline -0.001 -11"><span class='ocrx_word' id='word_1_546' title='bbox 1393 1282 1597 1321; x_wconf 72' lang='lat' dir='ltr'>Sirmiensi</span> <span class='ocrx_word' id='word_1_547' title='bbox 1627 1278 1719 1317; x_wconf 87' lang='lat' dir='ltr'>fidei</span> <span class='ocrx_word' id='word_1_548' title='bbox 1750 1281 1982 1331; x_wconf 87' lang='lat' dir='ltr'>professione</span> <span class='ocrx_word' id='word_1_549' title='bbox 2012 1281 2186 1331; x_wconf 83' lang='lat' dir='ltr'>prodita.</span> 
     </span>
    </p>

    <p class='ocr_par' dir='ltr' id='par_1_10' title="bbox 1393 1331 2518 1815">
     <span class='ocr_line' id='line_1_80' title="bbox 1454 1331 2507 1389; baseline 0.002 -16"><span class='ocrx_word' id='word_1_550' title='bbox 1454 1335 1541 1373; x_wconf 81' lang='lat'>115.</span> <span class='ocrx_word' id='word_1_551' title='bbox 1571 1332 1808 1385; x_wconf 73' lang='lat' dir='ltr'>Pervulgatae</span> <span class='ocrx_word' id='word_1_552' title='bbox 1840 1331 1927 1370; x_wconf 88' lang='lat' dir='ltr'>huic</span> <span class='ocrx_word' id='word_1_553' title='bbox 1971 1334 2146 1384; x_wconf 85' lang='lat' dir='ltr'>opinioni</span> <span class='ocrx_word' id='word_1_554' title='bbox 2187 1333 2362 1385; x_wconf 85' lang='lat' dir='ltr'>primus,</span> <span class='ocrx_word' id='word_1_555' title='bbox 2405 1336 2507 1389; x_wconf 87' lang='lat' dir='ltr'>quod</span> 
     </span>
     <span class='ocr_line' id='line_1_81' title="bbox 1395 1386 2517 1439; baseline 0.002 -13"><span class='ocrx_word' id='word_1_556' title='bbox 1395 1390 1514 1427; x_wconf 86' lang='lat' dir='ltr'>sciam</span> <span class='ocrx_word' id='word_1_557' title='bbox 1533 1419 1543 1436; x_wconf 86' lang='lat'>,</span> <span class='ocrx_word' id='word_1_558' title='bbox 1587 1401 1664 1425; x_wconf 88' lang='lat' dir='ltr'>sese</span> <span class='ocrx_word' id='word_1_559' title='bbox 1692 1386 1873 1439; x_wconf 86' lang='lat' dir='ltr'>opposuit</span> <span class='ocrx_word' id='word_1_560' title='bbox 1903 1386 2098 1437; x_wconf 75' lang='lat' dir='ltr'>Gorgnius</span> <span class='ocrx_word' id='word_1_561' title='bbox 2127 1386 2401 1426; x_wconf 85' lang='lat' dir='ltr'>Svessiouensis</span> <span class='ocrx_word' id='word_1_562' title='bbox 2441 1389 2517 1428; x_wconf 88' lang='lat' dir='ltr'>Ec-</span> 
     </span>
     <span class='ocr_line' id='line_1_82' title="bbox 1394 1439 2518 1492; baseline 0.001 -12"><span class='ocrx_word' id='word_1_563' title='bbox 1394 1442 1523 1481; x_wconf 79' lang='lat' dir='ltr'>clesiae</span> <span class='ocrx_word' id='word_1_564' title='bbox 1545 1441 1757 1479; x_wconf 84' lang='lat' dir='ltr'>Canonicus</span> <span class='ocrx_word' id='word_1_565' title='bbox 1785 1440 1875 1478; x_wconf 87' lang='lat' dir='ltr'>diss.</span> <span class='ocrx_word' id='word_1_566' title='bbox 1907 1439 2009 1477; x_wconf 85' lang='lat' dir='ltr'>edita</span> <span class='ocrx_word' id='word_1_567' title='bbox 2030 1439 2185 1478; x_wconf 84' lang='lat' dir='ltr'>Parisiis</span> <span class='ocrx_word' id='word_1_568' title='bbox 2214 1455 2303 1479; x_wconf 85' lang='lat' dir='ltr'>ann.</span> <span class='ocrx_word' id='word_1_569' title='bbox 2331 1439 2446 1492; x_wconf 81' lang='lat'>1736.</span> <span class='ocrx_word' id='word_1_570' title='bbox 2474 1443 2518 1482; x_wconf 85' lang='lat' dir='ltr'>in</span> 
     </span>
     <span class='ocr_line' id='line_1_83' title="bbox 1393 1493 2517 1549; baseline 0.003 -18"><span class='ocrx_word' id='word_1_571' title='bbox 1393 1509 1471 1549; x_wconf 88' lang='lat' dir='ltr'>qna</span> <span class='ocrx_word' id='word_1_572' title='bbox 1501 1509 1573 1533; x_wconf 89' lang='lat' dir='ltr'>non</span> <span class='ocrx_word' id='word_1_573' title='bbox 1604 1494 1886 1533; x_wconf 67' lang='lat' dir='ltr'>contemnendis</span> <span class='ocrx_word' id='word_1_574' title='bbox 1929 1495 2164 1545; x_wconf 80' lang='lat' dir='ltr'>argumentis</span> <span class='ocrx_word' id='word_1_575' title='bbox 2194 1493 2298 1533; x_wconf 90' lang='lat' dir='ltr'>hunc</span> <span class='ocrx_word' id='word_1_576' title='bbox 2339 1495 2517 1534; x_wconf 86' lang='lat' dir='ltr'>decanta-</span> 
     </span>
     <span class='ocr_line' id='line_1_84' title="bbox 1397 1547 2516 1600; baseline 0.002 -14"><span class='ocrx_word' id='word_1_577' title='bbox 1397 1558 1479 1587; x_wconf 86' lang='lat' dir='ltr'>tum</span> <span class='ocrx_word' id='word_1_578' title='bbox 1509 1548 1658 1587; x_wconf 86' lang='lat' dir='ltr'>Liberii</span> <span class='ocrx_word' id='word_1_579' title='bbox 1689 1547 1843 1600; x_wconf 87' lang='lat' dir='ltr'>lapsum</span> <span class='ocrx_word' id='word_1_580' title='bbox 1864 1549 2173 1586; x_wconf 87' lang='lat' dir='ltr'>commentitium</span> <span class='ocrx_word' id='word_1_581' title='bbox 2196 1563 2273 1586; x_wconf 89' lang='lat' dir='ltr'>esse</span> <span class='ocrx_word' id='word_1_582' title='bbox 2302 1550 2516 1597; x_wconf 78' lang='lat' dir='ltr'>contendit,</span> 
     </span>
     <span class='ocr_line' id='line_1_85' title="bbox 1397 1602 2516 1656; baseline 0 -15"><span class='ocrx_word' id='word_1_583' title='bbox 1397 1603 1556 1656; x_wconf 77' lang='lat' dir='ltr'>ejusque</span> <span class='ocrx_word' id='word_1_584' title='bbox 1585 1602 1827 1641; x_wconf 87' lang='lat' dir='ltr'>restitutionis</span> <span class='ocrx_word' id='word_1_585' title='bbox 1870 1615 2024 1640; x_wconf 84' lang='lat' dir='ltr'>causam</span> <span class='ocrx_word' id='word_1_586' title='bbox 2063 1602 2179 1640; x_wconf 86' lang='lat' dir='ltr'>fuisse</span> <span class='ocrx_word' id='word_1_587' title='bbox 2210 1616 2339 1654; x_wconf 86' lang='lat' dir='ltr'>preces</span> <span class='ocrx_word' id='word_1_588' title='bbox 2370 1603 2516 1641; x_wconf 80' lang='lat' dir='ltr'>Matro—</span> 
     </span>
     <span class='ocr_line' id='line_1_86' title="bbox 1395 1654 2518 1708; baseline 0.002 -13"><span class='ocrx_word' id='word_1_589' title='bbox 1395 1671 1535 1696; x_wconf 85' lang='lat' dir='ltr'>narum</span> <span class='ocrx_word' id='word_1_590' title='bbox 1567 1654 1826 1693; x_wconf 81' lang='lat' dir='ltr'>Romanarum</span> <span class='ocrx_word' id='word_1_591' title='bbox 1844 1686 1854 1704; x_wconf 91' lang='lat'>,</span> <span class='ocrx_word' id='word_1_592' title='bbox 1884 1655 2027 1708; x_wconf 86' lang='lat' dir='ltr'>quibus</span> <span class='ocrx_word' id='word_1_593' title='bbox 2044 1686 2054 1704; x_wconf 92' lang='lat'>,</span> <span class='ocrx_word' id='word_1_594' title='bbox 2085 1655 2402 1694; x_wconf 76' lang='lat' dir='ltr'>utTheodoretus</span> <span class='ocrx_word' id='word_1_595' title='bbox 2423 1656 2518 1697; x_wconf 75' lang='lat' dir='ltr'>Lib.</span> 
     </span>
     <span class='ocr_line' id='line_1_87' title="bbox 1398 1708 2517 1763; baseline -0.001 -14"><span class='ocrx_word' id='word_1_596' title='bbox 1398 1712 1446 1749; x_wconf 86' lang='grc' dir='ltr'>ΙΙ.</span> <span class='ocrx_word' id='word_1_597' title='bbox 1477 1710 1584 1747; x_wconf 73' lang='lat' dir='ltr'>Hist.</span> <span class='ocrx_word' id='word_1_598' title='bbox 1614 1708 1730 1748; x_wconf 81' lang='lat' dir='ltr'>Eccl.</span> <span class='ocrx_word' id='word_1_599' title='bbox 1761 1710 1798 1747; x_wconf 80' lang='lat' dir='ltr'>c.</span> <span class='ocrx_word' id='word_1_600' title='bbox 1822 1723 1883 1761; x_wconf 88' lang='lat'>17.</span> <span class='ocrx_word' id='word_1_601' title='bbox 1913 1719 2071 1758; x_wconf 84' lang='lat' dir='ltr'>narrat,</span> <span class='ocrx_word' id='word_1_602' title='bbox 2101 1710 2312 1763; x_wconf 86' lang='lat' dir='ltr'>Imperator</span> <span class='ocrx_word' id='word_1_603' title='bbox 2333 1711 2517 1750; x_wconf 86' lang='lat' dir='ltr'>Constan-</span> 
     </span>
     <span class='ocr_line' id='line_1_88' title="bbox 1394 1763 2417 1815; baseline -0.002 -13"><span class='ocrx_word' id='word_1_604' title='bbox 1394 1766 1468 1803; x_wconf 85' lang='lat' dir='ltr'>tius</span> <span class='ocrx_word' id='word_1_605' title='bbox 1496 1765 1701 1802; x_wconf 82' lang='lat' dir='ltr'>Liberium</span> <span class='ocrx_word' id='word_1_606' title='bbox 1731 1763 1899 1815; x_wconf 80' lang='lat' dir='ltr'>benigne</span> <span class='ocrx_word' id='word_1_607' title='bbox 1929 1765 2138 1802; x_wconf 85' lang='lat' dir='ltr'>concessit.</span> <span class='ocrx_word' id='word_1_608' title='bbox 2413 1768 2417 1770; x_wconf 83' lang='lat'>&#39;</span> 
     </span>
    </p>

    <p class='ocr_par' dir='ltr' id='par_1_11' title="bbox 1395 1816 2523 2882">
     <span class='ocr_line' id='line_1_89' title="bbox 1458 1816 2518 1869; baseline 0.002 -14"><span class='ocrx_word' id='word_1_609' title='bbox 1458 1817 1545 1855; x_wconf 68' lang='lat'>116.</span> <span class='ocrx_word' id='word_1_610' title='bbox 1576 1817 1692 1855; x_wconf 84' lang='lat' dir='ltr'>Porro</span> <span class='ocrx_word' id='word_1_611' title='bbox 1723 1818 1780 1864; x_wconf 88' lang='lat' dir='ltr'>ii,</span> <span class='ocrx_word' id='word_1_612' title='bbox 1809 1819 1878 1869; x_wconf 90' lang='lat' dir='ltr'>qui</span> <span class='ocrx_word' id='word_1_613' title='bbox 1898 1817 2100 1854; x_wconf 80' lang='lat' dir='ltr'>Liberium</span> <span class='ocrx_word' id='word_1_614' title='bbox 2133 1816 2283 1868; x_wconf 87' lang='lat' dir='ltr'>lapsum</span> <span class='ocrx_word' id='word_1_615' title='bbox 2306 1818 2422 1856; x_wconf 76' lang='lat' dir='ltr'>fuisse</span> <span class='ocrx_word' id='word_1_616' title='bbox 2451 1830 2518 1857; x_wconf 90' lang='lat' dir='ltr'>vo-</span> 
     </span>
     <span class='ocr_line' id='line_1_90' title="bbox 1396 1868 2518 1918; baseline 0.002 -10"><span class='ocrx_word' id='word_1_617' title='bbox 1396 1869 1510 1918; x_wconf 85' lang='lat' dir='ltr'>lunt,</span> <span class='ocrx_word' id='word_1_618' title='bbox 1540 1871 1579 1907; x_wconf 86' lang='lat' dir='ltr'>in</span> <span class='ocrx_word' id='word_1_619' title='bbox 1596 1872 1720 1908; x_wconf 86' lang='lat' dir='ltr'>varias</span> <span class='ocrx_word' id='word_1_620' title='bbox 1736 1868 1997 1907; x_wconf 83' lang='lat' dir='ltr'>distrahuntur</span> <span class='ocrx_word' id='word_1_621' title='bbox 2012 1872 2237 1908; x_wconf 81' lang='lat' dir='ltr'>sententias:</span> <span class='ocrx_word' id='word_1_622' title='bbox 2265 1871 2411 1909; x_wconf 90' lang='lat' dir='ltr'>scilicet</span> <span class='ocrx_word' id='word_1_623' title='bbox 2426 1886 2518 1910; x_wconf 84' lang='lat' dir='ltr'>cum</span> 
     </span>
     <span class='ocr_line' id='line_1_91' title="bbox 1396 1923 2518 1978; baseline 0.001 -17"><span class='ocrx_word' id='word_1_624' title='bbox 1396 1933 1469 1961; x_wconf 83' lang='lat' dir='ltr'>tres</span> <span class='ocrx_word' id='word_1_625' title='bbox 1498 1923 1588 1961; x_wconf 88' lang='lat' dir='ltr'>fidei</span> <span class='ocrx_word' id='word_1_626' title='bbox 1622 1923 1800 1961; x_wconf 75' lang='lat' dir='ltr'>formulae</span> <span class='ocrx_word' id='word_1_627' title='bbox 1817 1923 1951 1961; x_wconf 89' lang='lat' dir='ltr'>Sirmii</span> <span class='ocrx_word' id='word_1_628' title='bbox 1975 1923 2140 1961; x_wconf 76' lang='lat' dir='ltr'>conditae</span> <span class='ocrx_word' id='word_1_629' title='bbox 2162 1924 2262 1973; x_wconf 87' lang='lat' dir='ltr'>sint,</span> <span class='ocrx_word' id='word_1_630' title='bbox 2293 1924 2412 1962; x_wconf 88' lang='lat' dir='ltr'>altera</span> <span class='ocrx_word' id='word_1_631' title='bbox 2431 1927 2518 1978; x_wconf 87' lang='lat' dir='ltr'>qui-</span> 
     </span>
     <span class='ocr_line' id='line_1_92' title="bbox 1395 1976 2519 2017; baseline 0.003 -3"><span class='ocrx_word' id='word_1_632' title='bbox 1395 1977 1483 2014; x_wconf 88' lang='lat' dir='ltr'>dem</span> <span class='ocrx_word' id='word_1_633' title='bbox 1527 1991 1549 2014; x_wconf 87' lang='lat' dir='ltr'>a</span> <span class='ocrx_word' id='word_1_634' title='bbox 1586 1976 1836 2015; x_wconf 87' lang='lat' dir='ltr'>Semiarianis</span> <span class='ocrx_word' id='word_1_635' title='bbox 1879 1986 2011 2014; x_wconf 85' lang='lat' dir='ltr'>contra</span> <span class='ocrx_word' id='word_1_636' title='bbox 2049 1976 2256 2016; x_wconf 85' lang='lat' dir='ltr'>Photinum</span> <span class='ocrx_word' id='word_1_637' title='bbox 2295 1992 2394 2017; x_wconf 88' lang='lat' dir='ltr'>anno</span> <span class='ocrx_word' id='word_1_638' title='bbox 2424 1979 2519 2017; x_wconf 78' lang='lat'>551.</span> 
     </span>
     <span class='ocr_line' id='line_1_93' title="bbox 1397 2029 2516 2085; baseline 0.004 -18"><span class='ocrx_word' id='word_1_639' title='bbox 1397 2030 1483 2079; x_wconf 82' lang='lat' dir='ltr'>(b);</span> <span class='ocrx_word' id='word_1_640' title='bbox 1512 2029 1632 2068; x_wconf 85' lang='lat' dir='ltr'>altera</span> <span class='ocrx_word' id='word_1_641' title='bbox 1661 2045 1682 2068; x_wconf 89' lang='lat' dir='ltr'>a</span> <span class='ocrx_word' id='word_1_642' title='bbox 1713 2030 1883 2068; x_wconf 80' lang='lat' dir='ltr'>Potamio</span> <span class='ocrx_word' id='word_1_643' title='bbox 1912 2029 2104 2082; x_wconf 85' lang='lat' dir='ltr'>Episcopo</span> <span class='ocrx_word' id='word_1_644' title='bbox 2135 2030 2429 2085; x_wconf 84' lang='lat' dir='ltr'>Ulyssiponensi</span> <span class='ocrx_word' id='word_1_645' title='bbox 2451 2047 2516 2071; x_wconf 86' lang='lat' dir='ltr'>an.</span> 
     </span>
     <span class='ocr_line' id='line_1_94' title="bbox 1396 2083 2517 2135; baseline 0.002 -13"><span class='ocrx_word' id='word_1_646' title='bbox 1396 2084 1488 2135; x_wconf 82' lang='lat'>557.</span> <span class='ocrx_word' id='word_1_647' title='bbox 1519 2097 1690 2121; x_wconf 87' lang='lat' dir='ltr'>sermone</span> <span class='ocrx_word' id='word_1_648' title='bbox 1726 2083 1869 2130; x_wconf 86' lang='lat' dir='ltr'>latino;</span> <span class='ocrx_word' id='word_1_649' title='bbox 1913 2085 2021 2122; x_wconf 85' lang='lat' dir='ltr'>tertia</span> <span class='ocrx_word' id='word_1_650' title='bbox 2051 2097 2141 2122; x_wconf 90' lang='lat' dir='ltr'>vero</span> <span class='ocrx_word' id='word_1_651' title='bbox 2183 2098 2284 2122; x_wconf 87' lang='lat' dir='ltr'>anno</span> <span class='ocrx_word' id='word_1_652' title='bbox 2317 2085 2410 2124; x_wconf 83' lang='grc'>558.</span> <span class='ocrx_word' id='word_1_653' title='bbox 2454 2085 2517 2124; x_wconf 85' lang='lat' dir='ltr'>vel</span> 
     </span>
     <span class='ocr_line' id='line_1_95' title="bbox 1397 2135 2519 2189; baseline 0.003 -14"><span class='ocrx_word' id='word_1_654' title='bbox 1397 2135 1490 2189; x_wconf 74' lang='lat'>559.</span> <span class='ocrx_word' id='word_1_655' title='bbox 1520 2150 1542 2173; x_wconf 86' lang='lat' dir='ltr'>a</span> <span class='ocrx_word' id='word_1_656' title='bbox 1571 2136 1707 2175; x_wconf 80' lang='lat' dir='ltr'>Marco</span> <span class='ocrx_word' id='word_1_657' title='bbox 1738 2137 1966 2183; x_wconf 74' lang='lat' dir='ltr'>Arethusi05</span> <span class='ocrx_word' id='word_1_658' title='bbox 1997 2139 2157 2189; x_wconf 84' lang='lat' dir='ltr'>quaestio</span> <span class='ocrx_word' id='word_1_659' title='bbox 2186 2139 2328 2187; x_wconf 89' lang='lat' dir='ltr'>oritur,</span> <span class='ocrx_word' id='word_1_660' title='bbox 2359 2139 2519 2178; x_wconf 87' lang='lat' dir='ltr'>cuinam</span> 
     </span>
     <span class='ocr_line' id='line_1_96' title="bbox 1397 2189 2518 2241; baseline 0.003 -15"><span class='ocrx_word' id='word_1_661' title='bbox 1397 2203 1442 2226; x_wconf 85' lang='lat' dir='ltr'>ex</span> <span class='ocrx_word' id='word_1_662' title='bbox 1474 2190 1531 2226; x_wconf 87' lang='lat' dir='ltr'>his</span> <span class='ocrx_word' id='word_1_663' title='bbox 1560 2190 1682 2227; x_wconf 87' lang='lat' dir='ltr'>tribus</span> <span class='ocrx_word' id='word_1_664' title='bbox 1711 2190 1803 2227; x_wconf 83' lang='lat' dir='ltr'>fidei</span> <span class='ocrx_word' id='word_1_665' title='bbox 1827 2189 2002 2226; x_wconf 84' lang='lat' dir='ltr'>formulis</span> <span class='ocrx_word' id='word_1_666' title='bbox 2021 2190 2200 2228; x_wconf 86' lang='lat' dir='ltr'>Liberius</span> <span class='ocrx_word' id='word_1_667' title='bbox 2220 2191 2518 2241; x_wconf 88' lang='lat' dir='ltr'>subscripserit.</span> 
     </span>
     <span class='ocr_line' id='line_1_97' title="bbox 1396 2239 2520 2293; baseline 0.002 -12"><span class='ocrx_word' id='word_1_668' title='bbox 1396 2241 1614 2281; x_wconf 88' lang='lat' dir='ltr'>Blondellus</span> <span class='ocrx_word' id='word_1_669' title='bbox 1645 2245 1659 2293; x_wconf 92' lang='lat'>(</span> <span class='ocrx_word' id='word_1_670' title='bbox 1690 2241 1738 2280; x_wconf 78' lang='lat' dir='ltr'>de</span> <span class='ocrx_word' id='word_1_671' title='bbox 1769 2242 1809 2279; x_wconf 78' lang='lat' dir='ltr'>la</span> <span class='ocrx_word' id='word_1_672' title='bbox 1839 2241 2080 2292; x_wconf 66' lang='lat' dir='ltr'>Primaute)</span> <span class='ocrx_word' id='word_1_673' title='bbox 2114 2239 2330 2282; x_wconf 85' lang='lat' dir='ltr'>Romanum</span> <span class='ocrx_word' id='word_1_674' title='bbox 2361 2243 2520 2283; x_wconf 84' lang='lat' dir='ltr'>Pontifi-</span> 
     </span>
     <span class='ocr_line' id='line_1_98' title="bbox 1399 2296 2521 2351; baseline 0.001 -16"><span class='ocrx_word' id='word_1_675' title='bbox 1399 2310 1485 2335; x_wconf 87' lang='lat' dir='ltr'>cem</span> <span class='ocrx_word' id='word_1_676' title='bbox 1514 2297 1692 2334; x_wconf 78' lang='lat' dir='ltr'>secundae</span> <span class='ocrx_word' id='word_1_677' title='bbox 1724 2296 1994 2348; x_wconf 81' lang='lat' dir='ltr'>subscripsisse</span> <span class='ocrx_word' id='word_1_678' title='bbox 2025 2296 2133 2346; x_wconf 86' lang='lat' dir='ltr'>vult,</span> <span class='ocrx_word' id='word_1_679' title='bbox 2163 2311 2252 2349; x_wconf 82' lang='lat' dir='ltr'>quae</span> <span class='ocrx_word' id='word_1_680' title='bbox 2274 2310 2418 2350; x_wconf 82' lang='lat' dir='ltr'>purum</span> <span class='ocrx_word' id='word_1_681' title='bbox 2447 2312 2521 2351; x_wconf 89' lang='lat' dir='ltr'>pu-</span> 
     </span>
     <span class='ocr_line' id='line_1_99' title="bbox 1398 2350 2522 2403; baseline 0.002 -15"><span class='ocrx_word' id='word_1_682' title='bbox 1398 2359 1557 2403; x_wconf 86' lang='lat' dir='ltr'>tumque</span> <span class='ocrx_word' id='word_1_683' title='bbox 1589 2350 1852 2389; x_wconf 87' lang='lat' dir='ltr'>Arianismum</span> <span class='ocrx_word' id='word_1_684' title='bbox 1883 2350 2130 2389; x_wconf 87' lang='lat' dir='ltr'>continebat.</span> <span class='ocrx_word' id='word_1_685' title='bbox 2174 2351 2280 2389; x_wconf 87' lang='lat' dir='ltr'>Idem</span> <span class='ocrx_word' id='word_1_686' title='bbox 2311 2352 2423 2390; x_wconf 89' lang='lat' dir='ltr'>sentit</span> <span class='ocrx_word' id='word_1_687' title='bbox 2452 2351 2522 2390; x_wconf 86' lang='lat' dir='ltr'>Pe-</span> 
     </span>
     <span class='ocr_line' id='line_1_100' title="bbox 1398 2403 2521 2452; baseline 0 -9"><span class='ocrx_word' id='word_1_688' title='bbox 1398 2405 1544 2452; x_wconf 83' lang='lat' dir='ltr'>tavius,</span> <span class='ocrx_word' id='word_1_689' title='bbox 1575 2403 1722 2443; x_wconf 91' lang='lat' dir='ltr'>scilicet</span> <span class='ocrx_word' id='word_1_690' title='bbox 1751 2404 1869 2441; x_wconf 88' lang='lat' dir='ltr'>fuisse</span> <span class='ocrx_word' id='word_1_691' title='bbox 1886 2403 2046 2443; x_wconf 88' lang='lat' dir='ltr'>Liberio</span> <span class='ocrx_word' id='word_1_692' title='bbox 2075 2405 2278 2443; x_wconf 86' lang='lat' dir='ltr'>secundam</span> <span class='ocrx_word' id='word_1_693' title='bbox 2310 2404 2521 2444; x_wconf 85' lang='lat' dir='ltr'>formulam</span> 
     </span>
     <span class='ocr_line' id='line_1_101' title="bbox 1399 2456 2521 2511; baseline 0.002 -15"><span class='ocrx_word' id='word_1_694' title='bbox 1399 2459 1654 2496; x_wconf 87' lang='lat' dir='ltr'>Sirmiensem</span> <span class='ocrx_word' id='word_1_695' title='bbox 1684 2457 1885 2506; x_wconf 87' lang='lat' dir='ltr'>oblatam,</span> <span class='ocrx_word' id='word_1_696' title='bbox 1933 2456 1998 2496; x_wconf 89' lang='lat' dir='ltr'>sed</span> <span class='ocrx_word' id='word_1_697' title='bbox 2027 2460 2067 2497; x_wconf 90' lang='lat' dir='ltr'>in</span> <span class='ocrx_word' id='word_1_698' title='bbox 2100 2473 2144 2498; x_wconf 90' lang='lat' dir='ltr'>eo</span> <span class='ocrx_word' id='word_1_699' title='bbox 2185 2458 2321 2511; x_wconf 83' lang='lat' dir='ltr'>procul</span> <span class='ocrx_word' id='word_1_700' title='bbox 2364 2458 2468 2498; x_wconf 87' lang='lat' dir='ltr'>abest</span> <span class='ocrx_word' id='word_1_701' title='bbox 2498 2473 2521 2498; x_wconf 83' lang='lat' dir='ltr'>a</span> 
     </span>
     <span class='ocr_line' id='line_1_102' title="bbox 1400 2510 2520 2565; baseline 0.002 -16"><span class='ocrx_word' id='word_1_702' title='bbox 1400 2510 1624 2560; x_wconf 85' lang='lat' dir='ltr'>Blondello,</span> <span class='ocrx_word' id='word_1_703' title='bbox 1654 2511 1756 2565; x_wconf 89' lang='lat' dir='ltr'>quod</span> <span class='ocrx_word' id='word_1_704' title='bbox 1787 2520 1919 2564; x_wconf 86' lang='lat' dir='ltr'>putet,</span> <span class='ocrx_word' id='word_1_705' title='bbox 1949 2526 2034 2550; x_wconf 87' lang='lat' dir='ltr'>eam</span> <span class='ocrx_word' id='word_1_706' title='bbox 2065 2526 2136 2551; x_wconf 91' lang='lat' dir='ltr'>non</span> <span class='ocrx_word' id='word_1_707' title='bbox 2159 2513 2275 2551; x_wconf 89' lang='lat' dir='ltr'>fuisse</span> <span class='ocrx_word' id='word_1_708' title='bbox 2304 2514 2520 2565; x_wconf 78' lang='lat' dir='ltr'>integram,</span> 
     </span>
     <span class='ocr_line' id='line_1_103' title="bbox 1401 2564 2521 2618; baseline 0.003 -16"><span class='ocrx_word' id='word_1_709' title='bbox 1401 2565 1528 2618; x_wconf 84' lang='lat' dir='ltr'>qualis</span> <span class='ocrx_word' id='word_1_710' title='bbox 1557 2566 1661 2618; x_wconf 87' lang='lat' dir='ltr'>apud</span> <span class='ocrx_word' id='word_1_711' title='bbox 1693 2564 1971 2615; x_wconf 89' lang='lat' dir='ltr'>Athanasium,</span> <span class='ocrx_word' id='word_1_712' title='bbox 2002 2565 2229 2615; x_wconf 87' lang='lat' dir='ltr'>Hilarium,</span> <span class='ocrx_word' id='word_1_713' title='bbox 2259 2565 2293 2603; x_wconf 85' lang='lat'>&amp;</span> <span class='ocrx_word' id='word_1_714' title='bbox 2323 2566 2521 2605; x_wconf 87' lang='lat' dir='ltr'>Socratem</span> 
     </span>
     <span class='ocr_line' id='line_1_104' title="bbox 1399 2617 2523 2673; baseline 0.002 -17"><span class='ocrx_word' id='word_1_715' title='bbox 1399 2617 1566 2671; x_wconf 74' lang='lat' dir='ltr'>legitur3</span> <span class='ocrx_word' id='word_1_716' title='bbox 1597 2620 1674 2657; x_wconf 91' lang='lat' dir='ltr'>imo</span> <span class='ocrx_word' id='word_1_717' title='bbox 1703 2620 1944 2672; x_wconf 87' lang='lat' dir='ltr'>suspicatur,</span> <span class='ocrx_word' id='word_1_718' title='bbox 1974 2620 2092 2658; x_wconf 86' lang='lat' dir='ltr'>fuisse</span> <span class='ocrx_word' id='word_1_719' title='bbox 2121 2619 2293 2673; x_wconf 84' lang='lat' dir='ltr'>aliquam</span> <span class='ocrx_word' id='word_1_720' title='bbox 2309 2619 2454 2669; x_wconf 81' lang='lat' dir='ltr'>aliam,</span> <span class='ocrx_word' id='word_1_721' title='bbox 2483 2621 2523 2658; x_wconf 85' lang='lat' dir='ltr'>in</span> 
     </span>
     <span class='ocr_line' id='line_1_105' title="bbox 1400 2673 2521 2727; baseline -0.001 -17"><span class='ocrx_word' id='word_1_722' title='bbox 1400 2688 1477 2725; x_wconf 81' lang='lat' dir='ltr'>qua</span> <span class='ocrx_word' id='word_1_723' title='bbox 1505 2686 1578 2710; x_wconf 84' lang='lat' dir='ltr'>vox</span> <span class='ocrx_word' id='word_1_724' title='bbox 1610 2673 1783 2720; x_wconf 65' lang='grc' dir='ltr'>ὁμσέσιοε</span> <span class='ocrx_word' id='word_1_725' title='bbox 1806 2687 2006 2727; x_wconf 87' lang='lat' dir='ltr'>suppressa</span> <span class='ocrx_word' id='word_1_726' title='bbox 2026 2675 2183 2726; x_wconf 84' lang='lat' dir='ltr'>quidem</span> <span class='ocrx_word' id='word_1_727' title='bbox 2205 2684 2319 2722; x_wconf 90' lang='lat' dir='ltr'>esset,</span> <span class='ocrx_word' id='word_1_728' title='bbox 2349 2675 2411 2712; x_wconf 85' lang='lat' dir='ltr'>sed</span> <span class='ocrx_word' id='word_1_729' title='bbox 2432 2686 2521 2727; x_wconf 75' lang='lat' dir='ltr'>quas</span> 
     </span>
     <span class='ocr_line' id='line_1_106' title="bbox 1400 2724 2523 2767; baseline 0.001 -4"><span class='ocrx_word' id='word_1_730' title='bbox 1400 2727 1588 2764; x_wconf 86' lang='lat' dir='ltr'>Arianum</span> <span class='ocrx_word' id='word_1_731' title='bbox 1619 2727 1724 2764; x_wconf 89' lang='lat' dir='ltr'>virus</span> <span class='ocrx_word' id='word_1_732' title='bbox 1754 2740 1829 2765; x_wconf 91' lang='lat' dir='ltr'>non</span> <span class='ocrx_word' id='word_1_733' title='bbox 1860 2727 2070 2767; x_wconf 85' lang='lat' dir='ltr'>redoleret.</span> <span class='ocrx_word' id='word_1_734' title='bbox 2109 2727 2228 2767; x_wconf 85' lang='lat' dir='ltr'>Libro</span> <span class='ocrx_word' id='word_1_735' title='bbox 2257 2736 2385 2766; x_wconf 84' lang='lat' dir='ltr'>tamen</span> <span class='ocrx_word' id='word_1_736' title='bbox 2414 2728 2444 2765; x_wconf 89' lang='lat'>1.</span> <span class='ocrx_word' id='word_1_737' title='bbox 2473 2724 2523 2764; x_wconf 82' lang='lat' dir='ltr'>cle</span> 
     </span>
     <span class='ocr_line' id='line_1_107' title="bbox 1404 2777 2522 2832; baseline 0.004 -16"><span class='ocrx_word' id='word_1_738' title='bbox 1404 2777 1544 2818; x_wconf 77' lang='lat' dir='ltr'>Trinit.</span> <span class='ocrx_word' id='word_1_739' title='bbox 1575 2794 1661 2831; x_wconf 84' lang='lat' dir='ltr'>cap.</span> <span class='ocrx_word' id='word_1_740' title='bbox 1692 2791 1730 2832; x_wconf 80' lang='lat'>9.</span> <span class='ocrx_word' id='word_1_741' title='bbox 1762 2795 1799 2818; x_wconf 90' lang='lat' dir='ltr'>n.</span> <span class='ocrx_word' id='word_1_742' title='bbox 1821 2778 1859 2827; x_wconf 71' lang='grc'>4.</span> <span class='ocrx_word' id='word_1_743' title='bbox 1891 2780 1925 2817; x_wconf 71' lang='lat' dir='ltr'>St</span> <span class='ocrx_word' id='word_1_744' title='bbox 1958 2782 1994 2819; x_wconf 88' lang='lat'>5.</span> <span class='ocrx_word' id='word_1_745' title='bbox 2024 2781 2071 2820; x_wconf 84' lang='lat' dir='ltr'>ad</span> <span class='ocrx_word' id='word_1_746' title='bbox 2101 2795 2345 2821; x_wconf 87' lang='lat' dir='ltr'>communem</span> <span class='ocrx_word' id='word_1_747' title='bbox 2375 2788 2522 2820; x_wconf 82' lang='lat' dir='ltr'>senten-</span> 
     </span>
     <span class='ocr_line' id='line_1_108' title="bbox 1401 2833 2520 2882; baseline 0.001 -11"><span class='ocrx_word' id='word_1_748' title='bbox 1401 2834 1497 2871; x_wconf 84' lang='lat' dir='ltr'>tiam</span> <span class='ocrx_word' id='word_1_749' title='bbox 1527 2833 1699 2882; x_wconf 86' lang='lat' dir='ltr'>accedit,</span> <span class='ocrx_word' id='word_1_750' title='bbox 1728 2833 1875 2874; x_wconf 87' lang='lat' dir='ltr'>scilicet</span> <span class='ocrx_word' id='word_1_751' title='bbox 1905 2834 2108 2874; x_wconf 88' lang='lat' dir='ltr'>Liberium</span> <span class='ocrx_word' id='word_1_752' title='bbox 2138 2834 2315 2874; x_wconf 83' lang='lat' dir='ltr'>formulae</span> <span class='ocrx_word' id='word_1_753' title='bbox 2331 2834 2520 2873; x_wconf 85' lang='lat' dir='ltr'>Sirmien-</span> 
     </span>
    </p>

    <p class='ocr_par' dir='ltr' id='par_1_12' title="bbox 2437 2900 2469 2925">
     <span class='ocr_line' id='line_1_109' title="bbox 2437 2900 2469 2925; baseline 0 0"><span class='ocrx_word' id='word_1_754' title='bbox 2437 2900 2469 2925; x_wconf 75' lang='lat' dir='ltr'>st</span> 
     </span>
    </p>
   </div>
   <div class='ocr_carea' id='block_1_7' title="bbox 1404 2998 2524 3416">
    <p class='ocr_par' dir='ltr' id='par_1_13' title="bbox 1404 2998 2524 3220">
     <span class='ocr_line' id='line_1_110' title="bbox 1404 2998 2524 3048; baseline 0 -14"><span class='ocrx_word' id='word_1_755' title='bbox 1404 2999 1459 3046; x_wconf 80' lang='lat' dir='ltr'>psi</span> <span class='ocrx_word' id='word_1_756' title='bbox 1485 3008 1588 3040; x_wconf 78' lang='lat' dir='ltr'>sunt,</span> <span class='ocrx_word' id='word_1_757' title='bbox 1616 3000 1750 3034; x_wconf 85' lang='lat' dir='ltr'>animos</span> <span class='ocrx_word' id='word_1_758' title='bbox 1776 2998 1958 3048; x_wconf 80' lang='lat' dir='ltr'>deceptos.</span> <span class='ocrx_word' id='word_1_759' title='bbox 1996 3002 2041 3035; x_wconf 75' lang='lat' dir='ltr'>At</span> <span class='ocrx_word' id='word_1_760' title='bbox 2065 3013 2148 3034; x_wconf 84' lang='lat' dir='ltr'>vero</span> <span class='ocrx_word' id='word_1_761' title='bbox 2174 3000 2318 3044; x_wconf 84' lang='lat' dir='ltr'>fungos,</span> <span class='ocrx_word' id='word_1_762' title='bbox 2343 3012 2410 3034; x_wconf 90' lang='lat' dir='ltr'>non</span> <span class='ocrx_word' id='word_1_763' title='bbox 2438 2999 2524 3046; x_wconf 79' lang='lat' dir='ltr'>Ept-</span> 
     </span>
     <span class='ocr_line' id='line_1_111' title="bbox 1407 3046 2522 3094; baseline -0.001 -13"><span class='ocrx_word' id='word_1_764' title='bbox 1407 3059 1526 3092; x_wconf 87' lang='lat' dir='ltr'>scopos</span> <span class='ocrx_word' id='word_1_765' title='bbox 1552 3059 1607 3080; x_wconf 87' lang='lat' dir='ltr'>eos</span> <span class='ocrx_word' id='word_1_766' title='bbox 1635 3048 1741 3080; x_wconf 82' lang='lat' dir='ltr'>fuisse</span> <span class='ocrx_word' id='word_1_767' title='bbox 1767 3051 1946 3094; x_wconf 83' lang='lat' dir='ltr'>oportuit,</span> <span class='ocrx_word' id='word_1_768' title='bbox 1975 3049 2034 3092; x_wconf 84' lang='lat' dir='ltr'>qni</span> <span class='ocrx_word' id='word_1_769' title='bbox 2062 3048 2135 3080; x_wconf 87' lang='lat' dir='ltr'>vim</span> <span class='ocrx_word' id='word_1_770' title='bbox 2161 3048 2358 3080; x_wconf 82' lang='lat' dir='ltr'>homousion</span> <span class='ocrx_word' id='word_1_771' title='bbox 2384 3046 2467 3081; x_wconf 86' lang='lat' dir='ltr'>adeo</span> <span class='ocrx_word' id='word_1_772' title='bbox 2493 3049 2522 3080; x_wconf 87' lang='lat' dir='ltr'>i-</span> 
     </span>
     <span class='ocr_line' id='line_1_112' title="bbox 1407 3093 2523 3139; baseline -0.001 -12"><span class='ocrx_word' id='word_1_773' title='bbox 1407 3102 1595 3138; x_wconf 78' lang='lat' dir='ltr'>gnorarent</span> <span class='ocrx_word' id='word_1_774' title='bbox 1612 3117 1620 3125; x_wconf 84' lang='lat'>.</span> <span class='ocrx_word' id='word_1_775' title='bbox 1648 3095 1698 3126; x_wconf 86' lang='lat' dir='ltr'>De</span> <span class='ocrx_word' id='word_1_776' title='bbox 1723 3094 1788 3129; x_wconf 86' lang='lat' dir='ltr'>hac</span> <span class='ocrx_word' id='word_1_777' title='bbox 1808 3096 1997 3139; x_wconf 68' lang='lat' dir='ltr'>quaestione</span> <span class='ocrx_word' id='word_1_778' title='bbox 2015 3102 2144 3137; x_wconf 58' lang='lat' dir='ltr'>praeter</span> <span class='ocrx_word' id='word_1_779' title='bbox 2157 3094 2390 3127; x_wconf 84' lang='lat' dir='ltr'>Scholasticos</span> <span class='ocrx_word' id='word_1_780' title='bbox 2405 3093 2523 3127; x_wconf 85' lang='lat' dir='ltr'>Theo-</span> 
     </span>
     <span class='ocr_line' id='line_1_113' title="bbox 1407 3138 2521 3186; baseline -0.001 -12"><span class='ocrx_word' id='word_1_781' title='bbox 1407 3142 1501 3185; x_wconf 82' lang='lat' dir='ltr'>logos</span> <span class='ocrx_word' id='word_1_782' title='bbox 1527 3141 1663 3174; x_wconf 87' lang='lat' dir='ltr'>consuli</span> <span class='ocrx_word' id='word_1_783' title='bbox 1697 3150 1811 3186; x_wconf 84' lang='lat' dir='ltr'>potest</span> <span class='ocrx_word' id='word_1_784' title='bbox 1838 3141 1975 3176; x_wconf 82' lang='lat' dir='ltr'>Natalis</span> <span class='ocrx_word' id='word_1_785' title='bbox 2001 3138 2200 3174; x_wconf 80' lang='lat' dir='ltr'>Alexander</span> <span class='ocrx_word' id='word_1_786' title='bbox 2224 3141 2319 3174; x_wconf 85' lang='lat' dir='ltr'>Diss.</span> <span class='ocrx_word' id='word_1_787' title='bbox 2345 3141 2521 3174; x_wconf 84' lang='lat' dir='ltr'>XXXIII.</span> 
     </span>
     <span class='ocr_line' id='line_1_114' title="bbox 1408 3185 1637 3220; baseline -0.013 0"><span class='ocrx_word' id='word_1_788' title='bbox 1408 3188 1445 3220; x_wconf 91' lang='lat' dir='ltr'>in</span> <span class='ocrx_word' id='word_1_789' title='bbox 1471 3198 1549 3219; x_wconf 78' lang='lat' dir='ltr'>saec.</span> <span class='ocrx_word' id='word_1_790' title='bbox 1578 3185 1637 3219; x_wconf 92' lang='lat' dir='ltr'>IV.</span> 
     </span>
    </p>

    <p class='ocr_par' dir='ltr' id='par_1_14' title="bbox 1408 3230 2522 3416">
     <span class='ocr_line' id='line_1_115' title="bbox 1454 3230 2521 3279; baseline -0.001 -14"><span class='ocrx_word' id='word_1_791' title='bbox 1454 3235 1501 3274; x_wconf 76' lang='lat' dir='ltr'>(b)</span> <span class='ocrx_word' id='word_1_792' title='bbox 1527 3233 1560 3265; x_wconf 89' lang='lat' dir='ltr'>P.</span> <span class='ocrx_word' id='word_1_793' title='bbox 1579 3230 1633 3265; x_wconf 90' lang='lat' dir='ltr'>Jo.</span> <span class='ocrx_word' id='word_1_794' title='bbox 1661 3231 1763 3266; x_wconf 76' lang='lat' dir='ltr'>Dorn.</span> <span class='ocrx_word' id='word_1_795' title='bbox 1791 3231 1906 3268; x_wconf 85' lang='lat' dir='ltr'>Mansi</span> <span class='ocrx_word' id='word_1_796' title='bbox 1922 3254 1934 3274; x_wconf 81' lang='lat'>,</span> <span class='ocrx_word' id='word_1_797' title='bbox 1959 3230 1999 3266; x_wconf 84' lang='lat' dir='ltr'>de</span> <span class='ocrx_word' id='word_1_798' title='bbox 2024 3244 2093 3278; x_wconf 82' lang='lat' dir='ltr'>quo</span> <span class='ocrx_word' id='word_1_799' title='bbox 2117 3245 2222 3279; x_wconf 83' lang='lat' dir='ltr'>snpra</span> <span class='ocrx_word' id='word_1_800' title='bbox 2248 3233 2283 3267; x_wconf 83' lang='lat' dir='ltr'>in</span> <span class='ocrx_word' id='word_1_801' title='bbox 2310 3242 2392 3267; x_wconf 85' lang='lat' dir='ltr'>nota</span> <span class='ocrx_word' id='word_1_802' title='bbox 2417 3231 2461 3267; x_wconf 82' lang='lat' dir='ltr'>ad</span> <span class='ocrx_word' id='word_1_803' title='bbox 2486 3243 2521 3265; x_wconf 86' lang='lat' dir='ltr'>n.</span> 
     </span>
     <span class='ocr_line' id='line_1_116' title="bbox 1411 3279 2522 3325; baseline -0.002 -11"><span class='ocrx_word' id='word_1_804' title='bbox 1411 3279 1471 3324; x_wconf 83' lang='lat'>57.</span> <span class='ocrx_word' id='word_1_805' title='bbox 1496 3279 1646 3324; x_wconf 78' lang='lat' dir='ltr'>primam</span> <span class='ocrx_word' id='word_1_806' title='bbox 1675 3280 1875 3313; x_wconf 78' lang='lat' dir='ltr'>Sirmiensis</span> <span class='ocrx_word' id='word_1_807' title='bbox 1902 3279 2032 3324; x_wconf 82' lang='lat' dir='ltr'>Synodi</span> <span class='ocrx_word' id='word_1_808' title='bbox 2060 3280 2228 3325; x_wconf 85' lang='lat' dir='ltr'>epocham</span> <span class='ocrx_word' id='word_1_809' title='bbox 2255 3293 2312 3313; x_wconf 81' lang='lat' dir='ltr'>an.</span> <span class='ocrx_word' id='word_1_810' title='bbox 2340 3281 2420 3315; x_wconf 83' lang='lat'>358.</span> <span class='ocrx_word' id='word_1_811' title='bbox 2459 3290 2522 3323; x_wconf 89' lang='lat' dir='ltr'>po-</span> 
     </span>
     <span class='ocr_line' id='line_1_117' title="bbox 1408 3325 2519 3370; baseline 0.001 -11"><span class='ocrx_word' id='word_1_812' title='bbox 1408 3328 1487 3368; x_wconf 82' lang='lat' dir='ltr'>nit,</span> <span class='ocrx_word' id='word_1_813' title='bbox 1526 3333 1647 3358; x_wconf 83' lang='lat' dir='ltr'>contra</span> <span class='ocrx_word' id='word_1_814' title='bbox 1672 3338 1777 3370; x_wconf 84' lang='lat' dir='ltr'>quem</span> <span class='ocrx_word' id='word_1_815' title='bbox 1802 3325 1874 3358; x_wconf 83' lang='lat' dir='ltr'>vid.</span> <span class='ocrx_word' id='word_1_816' title='bbox 1902 3326 1936 3358; x_wconf 89' lang='lat' dir='ltr'>P.</span> <span class='ocrx_word' id='word_1_817' title='bbox 1966 3326 2119 3360; x_wconf 77' lang='lat' dir='ltr'>Thomas</span> <span class='ocrx_word' id='word_1_818' title='bbox 2144 3329 2195 3361; x_wconf 90' lang='grc' dir='ltr'>Μ.</span> <span class='ocrx_word' id='word_1_819' title='bbox 2219 3327 2441 3362; x_wconf 80' lang='lat' dir='ltr'>Mamachius</span> <span class='ocrx_word' id='word_1_820' title='bbox 2466 3334 2519 3370; x_wconf 68' lang='lat' dir='ltr'>ep·</span> 
     </span>
     <span class='ocr_line' id='line_1_118' title="bbox 1408 3374 2265 3416; baseline 0.001 -11"><span class='ocrx_word' id='word_1_821' title='bbox 1408 3374 1467 3408; x_wconf 90' lang='lat' dir='ltr'>1V.</span> <span class='ocrx_word' id='word_1_822' title='bbox 1492 3374 1535 3407; x_wconf 81' lang='lat' dir='ltr'>de</span> <span class='ocrx_word' id='word_1_823' title='bbox 1562 3375 1695 3407; x_wconf 78' lang='lat' dir='ltr'>ratione</span> <span class='ocrx_word' id='word_1_824' title='bbox 1721 3381 1904 3416; x_wconf 76' lang='lat' dir='ltr'>temporum</span> <span class='ocrx_word' id='word_1_825' title='bbox 1929 3374 2265 3408; x_wconf 80' lang='lat' dir='ltr'>Athanasianorum.</span> 
     </span>
    </p>
   </div>
  </div>
 </body>
</html>
