2577 3633
752 121 880 164 APP.
901 120 957 164 II.
988 118 1068 163 DE
1103 113 1392 161 SYMBOLO
1428 116 1726 176 Quicumque.

98 214 145 240 ea
185 199 453 240 studiosissime
497 198 681 253 collegit,
724 199 827 238 nihil
868 200 915 237 de
943 200 984 238 S.
1016 198 1209 237 Athanasii

96 254 286 306 Symbolo
312 253 527 291 addendum
559 254 732 306 putavit.
761 253 872 300 Quod
903 267 992 292 vero
1012 251 1056 289 R.
1085 250 1212 289 Ponti-

99 308 164 346 fex
193 308 386 359 Eugenius
405 337 414 354 ‚
464 309 542 344 imo
571 307 604 343 8<
635 309 717 358 ipsa
746 305 919 344 Ecclesia
946 306 988 344 S.
1019 304 1212 343 Athanasii

97 373 240 400 nomen
267 360 454 413 Symbolo
486 361 728 411 Quicumque
755 360 1000 412 apposuerit,
1037 371 1093 396 res
1122 358 1213 394 facti

101 423 181 461 est,
211 427 328 467 quam
359 428 427 452 uec
458 413 706 462 Pontificem,
735 427 802 451 nec
834 412 1046 452 Ecclesiam
1074 411 1212 449 defini-

97 478 140 505 re
169 467 353 514 voluisse,
384 465 587 520 plusquam
618 476 764 505 certum
795 475 846 504 est
865 491 876 504 .
960 464 964 468 ”

156 520 248 559 525.
277 520 464 569 Quaeres,
511 519 691 573 quisnam
738 521 851 558 fuerit
887 518 993 558 illius
1033 515 1212 571 Symboli

100 571 272 612 Auctor?

155 625 247 672 524.
279 625 415 679 Resp.,
464 626 501 664 id
545 635 645 664 certo
687 627 930 665 determinari
968 639 1044 663 non
1073 637 1211 677 posse3

94 681 216 716 variae
246 680 346 717 enim
370 709 380 728 ,
417 679 452 715 ἃ
481 680 685 717 admodum
716 681 970 731 discrepantes
998 687 1079 716 suut
1109 678 1211 715 Scri-

96 741 250 783 ptorum
281 734 498 779 seutentiae3
549 743 587 770 ut
618 733 740 771 videri
770 743 884 786 potest
913 732 1014 783 apud
1043 732 1212 768 doctissi-

95 797 176 822 mos
209 785 359 823 Fratres
389 787 610 824 lialierinios
647 788 686 824 in
715 786 1023 824 adnotationibus
1050 784 1098 821 ad
1126 783 1212 821 Dis-

91 847 182 876 sert.
204 838 313 877 XlV.
348 839 542 889 Quesnelli
575 841 613 877 iu
636 840 858 892 Appendice
886 840 933 876 ad
955 837 1123 874 Tomum
1145 836 1210 874 Ill.

93 891 270 942 Operum
300 893 341 931 S.
371 893 506 932 Leonis
523 921 532 930 .
562 893 684 940 Sunt,
714 895 780 944 qui
803 891 969 930 Eusebio
990 889 1212 927 Vercellen-

93 945 124 981 si
155 944 254 984 illud
284 947 528 994 adscribunt,
578 947 639 984 sed
670 959 806 997 parum
838 943 1116 989 verisimiliter,
1154 943 1210 980 vi-

93 998 149 1035 xit
178 1001 279 1037 euim
309 1000 410 1039 Saec.
432 1000 524 1047 lV.‚
554 1000 703 1050 fuitque
731 998 772 1035 S.
803 997 1009 1035 Athanasio
1037 1009 1210 1034 coaevus.

153 1051 246 1090 525.
276 1054 459 1105 Idemque
496 1053 574 1090 fere
609 1052 812 1092 dicendum
856 1051 902 1087 de
942 1050 1121 1101 opinione
1149 1048 1208 1086 Cl.

92 1103 304 1153 Galeardi‚
333 1109 400 1158 qui
431 1108 469 1142 in
499 1102 670 1155 Proejssic.
700 1105 744 1141 ad
775 1104 903 1154 Opera
930 1103 971 1141 S.
1001 1103 1210 1140 Gaudentii

91 1169 131 1194 n.
159 1158 217 1196 ¹5.
249 1158 345 1195 illud
375 1158 415 1196 S.
445 1156 648 1194 philastrio
676 1157 808 1194 deberi
837 1157 1012 1194 censuit.

146 1209 238 1248 526.
269 1210 438 1248 Pithoeus
457 1209 505 1247 de
533 1223 682 1258 proces.
713 1210 816 1259 Spir.
838 1209 904 1258 S.,
933 1208 966 1244 ἃ
987 1210 1080 1247 Ger.
1112 1207 1209 1246 Vos-

90 1262 169 1299 sius
201 1265 238 1300 iu
270 1263 427 1302 Dissert.
459 1261 507 1300 (Ie
535 1262 655 1300 tribus
684 1262 884 1315 Sytnbolis
913 1262 1009 1300 illud
1038 1262 1090 1300 ab
1118 1276 1208 1299 ano-

89 1328 208 1367 nymo
237 1315 354 1354 Gallo
380 1315 480 1355 Saec.
502 1315 608 1354 Vm.
650 1317 721 1354 sub
757 1317 921 1369 pipino,
968 1315 1026 1354 vel
1068 1315 1206 1353 Carolo

89 1367 151 1406 Μ.
184 1369 369 1420 prodiisse
400 1379 558 1422 putant,
588 1383 678 1408 cuin
700 1370 844 1408 scilicet
873 1372 1032 1422 quaestio
1058 1369 1104 1408 de
1120 1382 1206 1422 pro-

89 1423 259 1459 cessi·me
288 1423 456 1474 Spiritus
484 1424 524 1461 S.
555 1425 594 1461 iu
625 1422 756 1461 Gallia
784 1432 1032 1461 mota-esset.

148 1475 241 1526 527.
269 1476 408 1529 Jcseph
428 1476 652 1514 Anthelmus
670 1479 706 1514 iu
723 1475 839 1514 Nora
859 1476 999 1525 disput.
1021 1475 1068 1513 de
1084 1475 1205 1528 Sym-

89 1525 174 1565 bolo
207 1527 486 1568 Αιῖῑιιηαςῐαηο
516 1529 611 1568 illud
643 1531 774 1568 tribuit
805 1530 1006 1567 Vincentio
1021 1529 1205 1567 Loriuen-

90 1583 150 1618 si.
193 1583 293 1620 Lud.
326 1583 559 1621 Muratorius
590 1582 822 1622 Venantinm
852 1584 1104 1623 Fortunatam
1133 1582 1206 1620 hu-

89 1633 151 1685 jus
182 1635 360 1687 Symboli
390 1638 584 1675 auctorem
616 1639 730 1675 fuisse
758 1638 934 1689 opinatur
953 1663 964 1674 .

148 1688 240 1726 528.
272 1690 348 1728 Alii
381 1690 620 1729 Anastasium
650 1690 877 1742 Syriaitam,
926 1689 993 1727 alii
1039 1688 1204 1727 Athana-

89 1741 191 1779 sium
220 1742 463 1794 Spirensem,
493 1745 651 1796 quidam
682 1744 879 1782 Hilarium
909 1743 1206 1790 pictaviensem,

86 1793 121 1829 8¹:
153 1796 311 1846 quidam
344 1798 588 1835 Anastasium
617 1798 647 1834 I.
681 1797 791 1835 Rom.
820 1796 926 1834 Pont.
947 1823 957 1834 .
985 1797 1139 1835 Confer.
1168 1795 1205 1832 le

86 1846 213 1893 Quieu
233 1849 391 1888 Dissert.
414 1851 442 1889 l.
473 1850 674 1888 Damaso.
697 1849 736 1903 ᾗ.
760 1864 819 1901 17.
838 1876 848 1887 .
878 1849 958 1887 Nee
977 1850 1204 1896 defuerunt,

90 1904 158 1950 qui
189 1901 286 1940 illud
316 1903 708 1942 aPatribusNicaeuis
737 1905 987 1954 compositum
1016 1903 1209 1938 dicerent.

91 1952 142 1991 V.
174 1954 378 1994 Fabricius
409 1959 448 1995 in
479 1957 576 1995 Eibl.
609 1957 759 1994 Graeca
789 1955 877 1992 Vol.
907 1955 977 1991 XI.
1009 1967 1094 2004 pag.
1117 1952 1208 1990 561.

148 2007 239 2059 529.
272 2008 511 2048 Venerabilis
554 2020 681 2047 autem
724 2005 936 2045 Cardinalis
980 2005 1210 2043 Thomasius

90 2063 305 2112 suspicatus
334 2073 415 2112 est,
463 2063 534 2100 hoc
564 2062 797 2115 Symbolum
827 2072 904 2098 esse
934 2059 1037 2096 velut
1067 2058 1210 2110 Hypo·

92 2119 316 2149 ‘mnes-ticon
336 2117 552 2165 quoddam,
582 2119 661 2152 sive
684 2115 1038 2151 Commonitorium
1067 2114 1114 2148 ad
1133 2112 1206 2148 Ca-

89 2164 321 2203 tholicorum
366 2170 651 2204 instructionem
689 2175 819 2203 contra
860 2166 984 2202 varias
1013 2163 1204 2211 liaereses,

92 2217 125 2253 8<
155 2233 307 2269 giaece,
337 2219 371 2255 8<
402 2221 517 2256 latine
540 2221 664 2270 primo
692 2219 908 2256 confectum
939 2231 984 2255 ex
1014 2219 1086 2264 iis,
1115 2230 1205 2268 quae

88 2272 136 2309 de
167 2272 377 2320 Trinitate,
409 2271 441 2307 8(
471 2273 515 2309 de
546 2272 833 2319 incarnatione,
871 2281 952 2309 tum
982 2284 1094 2319 voce,
1123 2280 1205 2308 tum

86 2326 229 2377 scripto
258 2327 297 2363 in
327 2326 501 2363 Concilio
530 2324 790 2363 Alexandrino
813 2325 852 2362 S.
870 2323 1075 2363 Athanasio
1105 2336 1204 2375 prae-

86 2378 167 2416 side
196 2378 386 2430 disputata
415 2388 497 2416 sunt
515 2406 524 2416 .
563 2379 654 2416 Vid.
685 2378 854 2430 ejusdem
884 2379 1047 2430 piissimi
1077 2376 1109 2412 ἃ
1138 2377 1204 2415 do-

88 2433 248 2469 ctissimi
263 2432 476 2470 Cardinalis
491 2431 716 2470 psalterium
737 2446 824 2484 pag.
841 2431 934 2469 685.
956 2432 1046 2468 edit.
1069 2430 1202 2468 Vien..

87 2484 275 2523 observat
305 2489 406 2524 enim
438 2486 610 2534 ibidem,
642 2500 685 2523 ea
716 2499 802 2538 qna·
837 2484 1008 2522 Ruffinus
1038 2484 1127 2522 Lib.
1149 2483 1201 2521 X.

88 2537 197 2575 Hcst.
228 2537 343 2578 Eccl.
386 2554 472 2591 cap.
496 2552 588 2591 29.,
635 2539 667 2574 ἆ
712 2538 869 2590 epistola
912 2541 993 2589 ipsa
1030 2538 1201 2588 ejusdem

86 2591 253 2629 Concilii
296 2593 398 2643 apud
427 2594 467 2631 S.
499 2592 747 2630 Athanasium
778 2594 818 2630 in
847 2593 957 2644 epist.
995 2591 1041 2628 ad
1072 2592 1202 2628 Antio-

87 2643 225 2681 chenos
255 2644 419 2694 habent,
449 2647 478 2684 si
508 2647 790 2684 considerentur
819 2647 1021 2692 attentius,
1071 2645 1203 2682 verba-

89 2699 237 2749 timque
266 2700 554 2751 expendantur,
584 2714 678 2750 pene
708 2708 826 2737 totum
856 2698 952 2736 illud
968 2697 1201 2749 Symbolum

87 2753 307 2788 summatim
340 2762 611 2804 repraesentare
626 2778 637 2790 .

146 2804 237 2842 550.
268 2805 340 2842 Sed
371 2807 547 2844 omnium
578 2805 815 2857 probabilior
843 2804 991 2841 videtur
1011 2802 1201 2841 paschaiis

89 2856 295 2902 Quesnelli
323 2860 481 2911 opiniO,
524 2861 589 2910 qui
621 2861 658 2897 in
688 2859 846 2896 Dissert.
867 2857 975 2896 XIV.
1005 2859 1044 2894 in
1075 2858 1203 2909 Opera

89 2909 131 2946 S.
160 2910 294 2949 Leonis
323 2911 392 2950 hoc
421 2912 653 2965 Symbolum
676 2911 820 2964 Vigilio
849 2911 1032 2964 'Tapsensi
1062 2911 1201 2948 adscri-

88 2961 257 3001 bendum
286 2980 390 3014 esse,
421 2979 491 3004 uon
509 2967 641 3018 ineptis
669 2967 901 3017 argumentis
928 2965 1107 3009 ostendit;
1135 2967 1200 3002 cui

88 3017 258 3067 opinioni
276 3018 418 3057 Natalis
433 3019 648 3057 Alexander
678 3021 716 3057 in
746 3019 844 3056 Saec.
866 3018 933 3056 IV.
962 3032 1049 3070 cap.
1069 3016 1108 3055 6.
1128 3025 1198 3055 art.

91 3069 132 3107 8.
161 3083 249 3106 eum
280 3070 472 3124 plerisque
501 3073 586 3111 aliis
616 3073 773 3110 eruditis
800 3072 1035 3110 subscribit.

145 3121 287 3160 Totum
318 3124 419 3162 huuc
439 3135 634 3164 tractatum
659 3129 702 3164 iis
723 3125 849 3163 verbis
868 3125 1053 3164 concludo
1070 3154 1080 3171 ,
1110 3123 1196 3174 qui-

87 3174 158 3213 bus
189 3176 229 3214 S.
261 3176 487 3228 Augustinus
515 3194 598 3218 suos
627 3179 717 3218 XV.
766 3179 901 3217 Libros
929 3178 976 3216 de
1009 3176 1200 3215 Trinitate

90 3229 270 3267 absolvit:
300 3229 477 3268 Domine
494 3231 601 3270 Deus
616 3247 714 3281 une,
736 3232 845 3270 Deus
864 3230 1061 3279 Trinitas,
1081 3229 1198 3279 quod-

89 3295 256 3333 cumque
285 3282 370 3320 dixi
398 3296 439 3320 ιη
467 3283 525 3320 his
553 3285 656 3324 libris
686 3286 732 3323 cle
761 3296 852 3333 tuo,
895 3293 1120 3338 agnoscant
1148 3284 1198 3324 <9⁶

90 3340 173 3380 tui:
202 3340 236 3375 si
265 3350 354 3388 quoe
382 3335 431 3376 de
458 3350 577 3386 mec,
605 3341 654 3382 (J
673 3348 714 3378 tu
743 3343 933 3395 ignosce,
959 3341 1009 3382 <9¹
1038 3341 1114 3377 zui.
1144 3337 1198 3375 A-

2249 125 2333 175 ¹95

1279 210 1399 234 rnen.
1448 195 1568 235 Antea
1603 207 1729 234 autem
1759 193 1800 233 S.
1828 193 1936 233 Pater
1972 193 2136 234 Librum
2178 198 2388 248 septimum

1279 251 1324 287 de
1356 250 1426 287 hoc
1453 259 1689 288 sacrosancto
1705 247 1891 300 lesterio
1921 251 1970 287 ita
1990 248 2244 287 concluserat:
2277 250 2390 302 Quod

1279 307 1314 340 si
1342 305 1537 340 intellectu
1566 306 1657 353 capi
1686 315 1766 338 non
1795 312 1918 352 potest
1936 333 1945 350 ,
1964 301 2055 355 fiale
2081 311 2294 352 teneatur,
2325 303 2392 342 do-

1281 369 1352 393 nec
1382 358 1583 394 illucescat
1612 360 1654 393 in
1683 354 1861 392 cordibus
1890 356 1981 404 ille,
2019 360 2083 406 qui
2113 360 2170 393 ait
2199 369 2269 408 per
2298 356 2393 395 Pro-

1280 409 1442 458 phetam
1473 414 1488 460 (
1520 411 1605 447 lsai.
1629 408 1712 447 Vll.
1743 422 1782 460 ς).
1816 411 1829 457 )
1861 406 1950 446 Nisi
1991 409 2233 447 credideritis
2252 439 2262 458 ,
2310 423 2394 448 non

1281 463 1531 513 intelligetis.
1564 463 1671 500 Addo
1700 466 1814 500 etiam
1845 461 1940 498 illud
1972 462 2202 511 praeclarum
2224 464 2263 500 S.
2295 464 2393 502 Gre-

1281 517 1374 566 gorii
1390 517 1562 553 Naziauz.
1575 517 1760 554 monitum
1771 516 1876 552 Orat.
1889 514 2037 553 XXXI.
2049 544 2062 563 ,
2077 514 2172 552 alias
2183 515 2392 555 XXXVII.

1281 582 1320 605 n.
1345 567 1432 606 28.;
1466 568 1649 606 Οοίαηωε
1678 568 1810 606 Deum.
1841 568 2030 616 Patrem,
2059 567 2193 605 Deum
2224 567 2388 619 Filium,

1278 619 1411 658 Deum
1443 621 1630 671 Spiritum
1659 632 1874 670 SthCluUl,
1916 631 1995 659 tres
2023 625 2311 672 proprietates,
2348 636 2392 660 u-

1278 686 1380 711 nam
1409 674 1651 713 ‹iisz'nz'nitem
1669 706 1679 723 ,
1709 689 1782 713 nec
1811 676 1939 727 gloria,
1957 705 1967 724 ,
1997 687 2071 713 nec
2099 673 2270 724 honore,
2316 688 2391 714 nec

1279 731 1453 766 essentia
1471 758 1482 776 ,
1511 742 1584 766 nec
1612 742 1735 781 regno
1763 728 1950 766 clivis-um.

1466 833 1713 873 BREVIS
1778 832 2199 872 TRACTATUS

1588 938 1651 977 De
1681 952 1813 978 rerum
1847 939 2087 979 creatione.

1330 1019 1558 1098 Postquam
1590 1045 1792 1096 Angelicus
1820 1055 1944 1085 noster
1971 1045 2183 1099 Praeceptor
2211 1046 2242 1084 Ι.
2278 1045 2319 1085 Ρ.
2348 1060 2387 1100 q.

1278 1111 1344 1150 27.
1373 1099 1407 1134 &
1436 1113 1514 1152 seq.
1544 1100 1674 1137 omnia
1703 1102 1900 1151 exposuit,
1943 1114 2030 1151 quae
2061 1101 2107 1138 ad
2138 1102 2389 1152 processiones

1275 1153 1494 1190 divinarum
1525 1151 1773 1190 Personarum
1804 1162 1996 1204 spectant3
2045 1153 2143 1190 unde
2171 1155 2388 1205 augustissi-

1276 1219 1385 1243 mum
1415 1208 1663 1244 sanctissimas
1684 1236 1694 1254 ,
1724 1205 1757 1242 ἃ
1788 1206 2000 1243 individuae
2021 1205 2220 1244 Trinitatis
2251 1215 2389 1258 myste-

1275 1261 1378 1296 rium
1407 1262 1673 1306 constituitur,
1718 1261 1838 1311 pergit
1866 1259 2074 1311 quaestione
2104 1259 2168 1304 44.
2198 1260 2390 1310 disputare

1275 1313 1322 1350 de
1352 1316 1587 1364 processione
1606 1323 1868 1351 creaturarum
1898 1328 1920 1350 a
1942 1313 2024 1349 Deo
2038 1339 2048 1350 .
2079 1312 2125 1350 Et
2147 1323 2246 1348 certe
2266 1321 2391 1350 rectus

1275 1367 1456 1404 doctrinae
1486 1368 1578 1404 ordo
1608 1366 1850 1419 postulabat,
1882 1375 1918 1402 ut
1941 1375 2139 1417 postquam
2170 1365 2315 1402 dictum
2338 1374 2388 1403 est

1274 1421 1322 1457 de
1349 1420 1491 1458 divinis
1521 1421 1740 1466 attributis,
1770 1432 1857 1471 quae
1880 1417 2062 1455 absoluta
2093 1427 2302 1465 vocantur,
2333 1432 2389 1456 se-

1274 1484 1455 1525 queretur
1492 1482 1668 1511 tractatus
1697 1473 1743 1509 de
1772 1473 1913 1509 divinis
1955 1471 2144 1509 attributis
2182 1471 2355 1508 relativis
2376 1501 2388 1520 ,

1274 1540 1362 1578 (μω
1391 1527 1540 1564 divinas
1568 1525 1752 1563 Personas
1778 1527 2036 1571 constituunt,
2067 1523 2100 1559 &
2129 1524 2389 1575 distinguunt3

1274 1594 1319 1617 ac
1360 1581 1514 1617 demum
1564 1589 1734 1630 ageretur
1780 1578 1826 1617 de
1874 1577 1960 1615 aliis
1995 1577 2137 1614 divinis
2165 1577 2389 1625 attributis,

1274 1647 1364 1686 quae
1395 1643 1586 1670 creaturas
1618 1633 1848 1684 respiciunt,
1878 1640 2037 1683 suntque
2065 1629 2188 1667 tribus
2218 1629 2387 1668 personis

1273 1688 1522 1724 communia.
1572 1687 1644 1724 Hic
1673 1694 1800 1723 autem
1831 1686 1981 1722 nonnisi
2029 1698 2072 1721 ea
2101 1684 2354 1734 expendemus
2375 1713 2387 1731 ,

1274 1753 1363 1791 quae
1392 1740 1614 1791 generaliter
1658 1749 1825 1791 spectant
1854 1738 1901 1775 ad
1931 1736 2047 1788 hujus
2078 1736 2245 1774 universi
2281 1750 2386 1774 crea-

1275 1796 1444 1838 tionem3
1494 1795 1532 1831 iu
1563 1794 1734 1845 sequenti
1763 1801 1888 1828 autem
1919 1790 2115 1829 volumine
2144 1788 2390 1827 tractabimus

1276 1847 1324 1882 de
1355 1846 1510 1893 Angelis
1529 1875 1540 1892 ,
1569 1860 1613 1882 ac
1641 1847 1686 1881 de
1707 1845 1874 1881 Homine
1901 1845 1970 1894 qni
2000 1844 2096 1880 inter
2124 1855 2257 1880 omnes
2283 1856 2390 1880 crea-

1277 1905 1380 1934 turas
1407 1898 1482 1934 Dei
1512 1897 1796 1934 nobilissimum
1826 1903 2016 1945 occupant
2044 1894 2172 1932 locum
2190 1920 2202 1932 .

1681 1999 1908 2039 CAPUT
1953 2000 1987 2037 1.

1544 2106 1609 2145 De
1641 2105 1852 2144 Creotione
1879 2118 1933 2142 ex
1961 2102 2080 2141 ninilo
2097 2130 2108 2141 .

1396 2160 1665 2199 Recensemur
1693 2169 1863 2197 veterum
1880 2189 1891 2207 ,
1921 2171 1971 2195 ac
2000 2160 2267 2195 recentiorum

1736 2224 1890 2250 errores
1910 2237 1922 2250 .

1331 2296 1556 2363 1.Primus
1576 2319 1665 2357 fidei
1695 2327 1834 2356 nostrae
1862 2316 2046 2356 articulus
2074 2316 2208 2367 jubet,
2240 2324 2280 2354 ut
2298 2330 2380 2355 cre-

1270 2372 1405 2412 damus
1433 2380 1473 2411 in
1503 2387 1625 2410 unum
1655 2371 1788 2409 Deum
1818 2381 2041 2409 creatorem
2070 2371 2185 2416 caeli,
2227 2370 2277 2409 <9⁶
2305 2380 2383 2408 ter-

1269 2440 1359 2472 roe‚·
1390 2428 1486 2464 unde
1515 2429 1629 2464 etiam
1658 2426 1941 2477 antiquissimus
1960 2423 2133 2475 Scriptor
2162 2423 2322 2460 Hermas
2342 2425 2383 2461 in

1270 2480 1436 2518 Pastore
1484 2481 1572 2518 Lib.
1594 2480 1643 2517 Il.
1673 2480 1850 2516 mandato
1897 2491 1930 2515 1.
1961 2479 1977 2527 (
2006 2476 2109 2529 apud
2145 2474 2379 2515 Cotelerium

1271 2533 1385 2572 Tom.
1406 2535 1436 2572 Ι.
1465 2533 1633 2570 Patriam
1665 2533 1873 2582 Apostolic.
1903 2530 1918 2578 )
1950 2530 2170 2580 inquiebat:
2198 2527 2384 2568 Primum

1270 2592 1450 2624 omnium
1480 2587 1622 2633 crede,
1651 2591 1744 2636 qula
1773 2598 1874 2622 unus
1904 2593 1961 2621 est
1981 2582 2120 2629 Deus,
2149 2586 2212 2633 qui
2241 2586 2381 2620 omnia

1271 2644 1441 2688 creavit,
1471 2641 1520 2680 <9³
1549 2654 1603 2678 ex
1631 2638 1749 2676 nihilo
1765 2638 1900 2690 fecit.
1958 2637 2016 2674 De
2047 2636 2116 2673 hoc
2149 2639 2300 2687 primo,
2348 2636 2384 2673 8:

1271 2693 1544 2731 fundamentali
1579 2692 1781 2742 Religionis
1824 2702 1957 2729 nostrae
2005 2688 2169 2727 articulo
2197 2701 2240 2725 eo
2269 2702 2382 2726 accu-

1270 2749 1386 2785 ratius
1429 2748 1616 2797 agendum
1661 2754 1738 2792 est,
1786 2758 1866 2796 quo
1893 2759 1914 2781 a
1952 2743 2157 2796 pluribus,
2204 2744 2381 2794 variique

1269 2801 1417 2852 generis
1447 2801 1670 2836 adversariis
1699 2806 1959 2850 oppugnatum
1993 2797 2090 2833 fuit.

1327 2867 1362 2891 2.
1395 2852 1547 2890 Veteres
1568 2852 1784 2902 Philosophi
1816 2853 1830 2900 (
1854 2853 1986 2903 paucis
2006 2850 2156 2886 fortasse
2177 2848 2342 2899 exceptis
2361 2848 2379 2896 )

1270 2907 1495 2944 creationem
1526 2920 1570 2943 ex
1600 2904 1723 2943 nihilo
1751 2914 1814 2941 aut
1844 2905 2061 2955 ignorarunt
2090 2902 2265 2953 penitus,
2313 2909 2381 2939 aut

1267 2961 1353 2998 data
1380 2973 1495 3011 opera
1524 2961 1824 3011 impugnarunt,
1875 2958 2110 3009 potissimum
2149 2967 2192 2990 ex
2224 2953 2380 3004 pervul-

1265 3025 1350 3065 gato
1380 3013 1446 3051 illo
1476 3014 1665 3064 principio
1692 3024 1745 3048 ex
1773 3010 1890 3048 nihilo
1913 3009 2039 3055 nihil,
2069 3013 2110 3046 in
2138 3007 2302 3044 nihilum
2323 3008 2380 3045 nil

1264 3081 1378 3118 posse
1407 3071 1570 3104 reverti.
1603 3065 1724 3102 Valde
1743 3075 1869 3100 autem
1900 3063 2148 3108 laborabant,
2177 3072 2290 3113 atque
2318 3063 2376 3098 iu-

1265 3130 1321 3158 ter
1349 3135 1387 3158 se
1415 3125 1551 3157 acriter
1571 3119 1906 3169 digladiabantur,
1936 3130 2025 3153 cuin
2046 3116 2093 3152 de
2122 3114 2237 3165 hujus
2266 3128 2378 3151 mun·

1266 3176 1305 3212 di
1335 3176 1460 3225 genesi
1491 3174 1651 3224 quaestio
1670 3171 1891 3207 oriebatur.
1924 3170 2002 3207 Alii
2034 3171 2136 3206 enim
2168 3168 2375 3214 mundum,

1266 3227 1391 3280 qualis
1407 3241 1481 3263 nun
1497 3235 1597 3272 cest,
1626 3225 1676 3262 ab
1697 3235 1837 3260 aeterno
1851 3253 1861 3270 ‚
1892 3223 1926 3260 &
1942 3239 1961 3259 a
1978 3237 2015 3260 se
2036 3223 2196 3259 extitise
2212 3219 2371 3255 commi-

1266 3281 1535 3318 niscebantur.
1582 3278 1657 3316 Alii
1689 3290 1777 3313 vero
1808 3278 2006 3313 materiam
2036 3276 2153 3312 solam
2185 3271 2372 3323 ponebant

1267 3346 1448 3374 aeternam
1469 3363 1480 3383 ‚
1511 3331 1545 3370 &
1573 3332 1853 3384 improductarn
1870 3359 1881 3380 ,
1912 3343 1956 3368 ex
1977 3343 2052 3382 qua
2071 3336 2218 3380 postea,
2247 3327 2392 3362 nescio·

2243 3390 2323 3430 qUO
