<?xml version="1.0" encoding="UTF-8"?>
<!DOCTYPE html PUBLIC "-//W3C//DTD XHTML 1.0 Transitional//EN"
    "http://www.w3.org/TR/xhtml1/DTD/xhtml1-transitional.dtd">
<html xmlns="http://www.w3.org/1999/xhtml" xml:lang="en" lang="en">
 <head>
  <title>
</title>
<meta http-equiv="Content-Type" content="text/html;charset=utf-8" />
  <meta name='ocr-system' content='tesseract 3.04.00' />
  <meta name='ocr-capabilities' content='ocr_page ocr_carea ocr_par ocr_line ocrx_word'/>
</head>
<body>
  <div class='ocr_page' id='page_1' title='image "./fratrispetrimari02gazzuoft/fratrispetrimari02gazzuoft_0132.png"; bbox 0 0 2577 3633; ppageno 0'>
   <div class='ocr_carea' id='block_1_1' title="bbox 281 164 360 192">
    <p class='ocr_par' dir='ltr' id='par_1_1' title="bbox 281 164 360 192">
     <span class='ocr_line' id='line_1_1' title="bbox 281 164 360 192; baseline -0.013 0"><span class='ocrx_word' id='word_1_1' title='bbox 281 164 360 192; x_wconf 74' lang='lat'>112</span> 
     </span>
    </p>
   </div>
   <div class='ocr_carea' id='block_1_2' title="bbox 206 218 1319 2973">
    <p class='ocr_par' dir='ltr' id='par_1_2' title="bbox 208 218 1314 693">
     <span class='ocr_line' id='line_1_2' title="bbox 213 218 1314 272; baseline -0.014 -3"><span class='ocrx_word' id='word_1_2' title='bbox 213 230 409 269; x_wconf 84' lang='lat' dir='ltr'>scientiam</span> <span class='ocrx_word' id='word_1_3' title='bbox 438 223 604 262; x_wconf 84' lang='lat' dir='ltr'>mediam</span> <span class='ocrx_word' id='word_1_4' title='bbox 648 226 817 272; x_wconf 84' lang='lat' dir='ltr'>respectu</span> <span class='ocrx_word' id='word_1_5' title='bbox 849 218 920 256; x_wconf 82' lang='lat' dir='ltr'>Dei</span> <span class='ocrx_word' id='word_1_6' title='bbox 950 231 1026 254; x_wconf 84' lang='lat' dir='ltr'>esse</span> <span class='ocrx_word' id='word_1_7' title='bbox 1067 218 1222 254; x_wconf 81' lang='lat' dir='ltr'>omnino</span> <span class='ocrx_word' id='word_1_8' title='bbox 1251 231 1314 254; x_wconf 85' lang='lat' dir='ltr'>ue-</span> 
     </span>
     <span class='ocr_line' id='line_1_3' title="bbox 210 270 1313 329; baseline -0.011 -9"><span class='ocrx_word' id='word_1_9' title='bbox 210 281 409 320; x_wconf 72' lang='lat' dir='ltr'>cessariam</span> <span class='ocrx_word' id='word_1_10' title='bbox 426 307 436 325; x_wconf 92' lang='lat'>,</span> <span class='ocrx_word' id='word_1_11' title='bbox 465 277 557 329; x_wconf 80' lang='lat' dir='ltr'>quia</span> <span class='ocrx_word' id='word_1_12' title='bbox 585 274 766 312; x_wconf 72' lang='lat' dir='ltr'><strong>antecedit</strong></span> <span class='ocrx_word' id='word_1_13' title='bbox 795 281 922 310; x_wconf 85' lang='lat' dir='ltr'>actum</span> <span class='ocrx_word' id='word_1_14' title='bbox 950 270 1118 311; x_wconf 81' lang='lat' dir='ltr'>liberum</span> <span class='ocrx_word' id='word_1_15' title='bbox 1137 270 1313 308; x_wconf 76' lang='lat' dir='ltr'>volunta-</span> 
     </span>
     <span class='ocr_line' id='line_1_4' title="bbox 208 322 1312 380; baseline -0.01 -8"><span class='ocrx_word' id='word_1_16' title='bbox 208 336 254 372; x_wconf 73' lang='lat' dir='ltr'>tis</span> <span class='ocrx_word' id='word_1_17' title='bbox 283 333 452 375; x_wconf 85' lang='lat' dir='ltr'>divinae3</span> <span class='ocrx_word' id='word_1_18' title='bbox 496 337 667 380; x_wconf 81' lang='lat' dir='ltr'>respectu</span> <span class='ocrx_word' id='word_1_19' title='bbox 696 335 823 365; x_wconf 87' lang='lat' dir='ltr'>autem</span> <span class='ocrx_word' id='word_1_20' title='bbox 854 323 1088 366; x_wconf 73' lang='lat' dir='ltr'>voluntatum</span> <span class='ocrx_word' id='word_1_21' title='bbox 1125 322 1312 362; x_wconf 79' lang='lat' dir='ltr'>humana—</span> 
     </span>
     <span class='ocr_line' id='line_1_5' title="bbox 208 376 1310 428; baseline -0.009 -4"><span class='ocrx_word' id='word_1_22' title='bbox 208 400 295 425; x_wconf 82' lang='lat' dir='ltr'>rum</span> <span class='ocrx_word' id='word_1_23' title='bbox 324 398 400 422; x_wconf 83' lang='lat' dir='ltr'>esse</span> <span class='ocrx_word' id='word_1_24' title='bbox 421 382 582 420; x_wconf 77' lang='lat' dir='ltr'><strong>liberam</strong></span> <span class='ocrx_word' id='word_1_25' title='bbox 610 380 660 418; x_wconf 85' lang='lat' dir='ltr'>ob</span> <span class='ocrx_word' id='word_1_26' title='bbox 681 381 862 418; x_wconf 82' lang='lat' dir='ltr'>rationem</span> <span class='ocrx_word' id='word_1_27' title='bbox 883 376 1094 428; x_wconf 84' lang='lat' dir='ltr'>oppositam</span> <span class='ocrx_word' id='word_1_28' title='bbox 1110 405 1121 424; x_wconf 94' lang='lat'>,</span> <span class='ocrx_word' id='word_1_29' title='bbox 1150 378 1241 428; x_wconf 86' lang='lat' dir='ltr'>quia</span> <span class='ocrx_word' id='word_1_30' title='bbox 1261 376 1310 414; x_wconf 83' lang='lat' dir='ltr'>ab</span> 
     </span>
     <span class='ocr_line' id='line_1_6' title="bbox 208 429 1310 482; baseline -0.01 -5"><span class='ocrx_word' id='word_1_31' title='bbox 208 451 342 477; x_wconf 82' lang='lat' dir='ltr'>earum</span> <span class='ocrx_word' id='word_1_32' title='bbox 369 437 492 474; x_wconf 83' lang='lat' dir='ltr'>libero</span> <span class='ocrx_word' id='word_1_33' title='bbox 521 434 678 473; x_wconf 85' lang='lat' dir='ltr'>arbitrio</span> <span class='ocrx_word' id='word_1_34' title='bbox 707 431 810 472; x_wconf 70' lang='lat' dir='ltr'>illius</span> <span class='ocrx_word' id='word_1_35' title='bbox 830 429 1020 482; x_wconf 69' lang='lat' dir='ltr'>objectum</span> <span class='ocrx_word' id='word_1_36' title='bbox 1041 429 1244 481; x_wconf 79' lang='lat' dir='ltr'><strong>dependet.</strong></span> <span class='ocrx_word' id='word_1_37' title='bbox 1276 430 1310 466; x_wconf 94' lang='lat' dir='ltr'>I-</span> 
     </span>
     <span class='ocr_line' id='line_1_7' title="bbox 209 481 1307 543; baseline -0.01 -13"><span class='ocrx_word' id='word_1_38' title='bbox 209 501 320 543; x_wconf 79' lang='lat' dir='ltr'>taque</span> <span class='ocrx_word' id='word_1_39' title='bbox 348 488 497 529; x_wconf 79' lang='lat' dir='ltr'>Molina</span> <span class='ocrx_word' id='word_1_40' title='bbox 526 496 565 525; x_wconf 82' lang='lat' dir='ltr'>u&#39;t</span> <span class='ocrx_word' id='word_1_41' title='bbox 593 496 754 524; x_wconf 78' lang='lat' dir='ltr'>nostram</span> <span class='ocrx_word' id='word_1_42' title='bbox 779 483 998 520; x_wconf 74' lang='lat' dir='ltr'>&#39;libertatern</span> <span class='ocrx_word' id='word_1_43' title='bbox 1027 491 1163 520; x_wconf 78' lang='lat' dir='ltr'>asserat</span> <span class='ocrx_word' id='word_1_44' title='bbox 1198 486 1215 534; x_wconf 85' lang='grc'>(</span> <span class='ocrx_word' id='word_1_45' title='bbox 1247 481 1307 520; x_wconf 86' lang='lat' dir='ltr'>hic</span> 
     </span>
     <span class='ocr_line' id='line_1_8' title="bbox 208 535 1307 593; baseline -0.01 -11"><span class='ocrx_word' id='word_1_46' title='bbox 208 546 313 582; x_wconf 86' lang='lat' dir='ltr'>enim</span> <span class='ocrx_word' id='word_1_47' title='bbox 343 543 417 581; x_wconf 74' lang='lat' dir='ltr'>fuit</span> <span class='ocrx_word' id='word_1_48' title='bbox 441 541 525 593; x_wconf 86' lang='lat' dir='ltr'>ejus</span> <span class='ocrx_word' id='word_1_49' title='bbox 554 553 687 591; x_wconf 85' lang='lat' dir='ltr'>scopus</span> <span class='ocrx_word' id='word_1_50' title='bbox 716 537 936 589; x_wconf 64' lang='lat' dir='ltr'>praecipu-us</span> <span class='ocrx_word' id='word_1_51' title='bbox 966 536 980 584; x_wconf 94' lang='lat'><em>)</em></span> <span class='ocrx_word' id='word_1_52' title='bbox 1025 536 1196 573; x_wconf 77' lang='lat' dir='ltr'>eamdem</span> <span class='ocrx_word' id='word_1_53' title='bbox 1228 535 1307 572; x_wconf 88' lang='lat' dir='ltr'>Deo</span> 
     </span>
     <span class='ocr_line' id='line_1_9' title="bbox 209 589 1305 638; baseline -0.011 -2"><span class='ocrx_word' id='word_1_54' title='bbox 209 598 357 636; x_wconf 70' lang='lat' dir='ltr'>att-forre</span> <span class='ocrx_word' id='word_1_55' title='bbox 384 596 557 638; x_wconf 54' lang='lat' dir='ltr'>vid-etum</span> <span class='ocrx_word' id='word_1_56' title='bbox 585 605 673 629; x_wconf 87' lang='lat' dir='ltr'>cum</span> <span class='ocrx_word' id='word_1_57' title='bbox 704 592 744 628; x_wconf 78' lang='lat' dir='ltr'>in</span> <span class='ocrx_word' id='word_1_58' title='bbox 767 602 816 626; x_wconf 74' lang='lat' dir='ltr'>eo</span> <span class='ocrx_word' id='word_1_59' title='bbox 841 590 1037 626; x_wconf 78' lang='lat' dir='ltr'>scientiam</span> <span class='ocrx_word' id='word_1_60' title='bbox 1060 589 1305 626; x_wconf 57' lang='lat' dir='ltr'>necessariam</span> 
     </span>
     <span class='ocr_line' id='line_1_10' title="bbox 209 641 1306 693; baseline -0.011 -4"><span class='ocrx_word' id='word_1_61' title='bbox 209 652 405 689; x_wconf 76' lang='lat' dir='ltr'>constituat</span> <span class='ocrx_word' id='word_1_62' title='bbox 435 660 566 685; x_wconf 83' lang='lat' dir='ltr'>earum</span> <span class='ocrx_word' id='word_1_63' title='bbox 598 657 751 691; x_wconf 78' lang='lat' dir='ltr'>rerum,</span> <span class='ocrx_word' id='word_1_64' title='bbox 781 655 867 693; x_wconf 82' lang='lat' dir='ltr'>quae</span> <span class='ocrx_word' id='word_1_65' title='bbox 897 641 1005 679; x_wconf 86' lang='lat' dir='ltr'>nobis</span> <span class='ocrx_word' id='word_1_66' title='bbox 1034 641 1166 679; x_wconf 83' lang='lat' dir='ltr'>liberae</span> <span class='ocrx_word' id='word_1_67' title='bbox 1196 650 1279 678; x_wconf 84' lang='lat' dir='ltr'>sunt</span> <span class='ocrx_word' id='word_1_68' title='bbox 1297 667 1306 678; x_wconf 87' lang='lat'>.</span> 
     </span>
    </p>

    <p class='ocr_par' dir='ltr' id='par_1_3' title="bbox 206 694 1310 1282">
     <span class='ocr_line' id='line_1_11' title="bbox 269 694 1306 749; baseline -0.011 -8"><span class='ocrx_word' id='word_1_69' title='bbox 269 703 353 742; x_wconf 68' lang='grc'>166.</span> <span class='ocrx_word' id='word_1_70' title='bbox 383 699 553 739; x_wconf 68' lang='lat' dir='ltr'>Notanda</span> <span class='ocrx_word' id='word_1_71' title='bbox 582 698 723 749; x_wconf 75' lang='lat' dir='ltr'>par-iter</span> <span class='ocrx_word' id='word_1_72' title='bbox 751 705 861 743; x_wconf 85' lang='lat' dir='ltr'>suut,</span> <span class='ocrx_word' id='word_1_73' title='bbox 891 709 977 745; x_wconf 76' lang='lat' dir='ltr'>quae</span> <span class='ocrx_word' id='word_1_74' title='bbox 1009 704 1130 746; x_wconf 81' lang='lat' dir='ltr'>postea</span> <span class='ocrx_word' id='word_1_75' title='bbox 1160 694 1306 740; x_wconf 79' lang='lat' dir='ltr'>subdit,</span> 
     </span>
     <span class='ocr_line' id='line_1_12' title="bbox 209 747 1308 807; baseline -0.011 -12"><span class='ocrx_word' id='word_1_76' title='bbox 209 769 348 807; x_wconf 79' lang='lat' dir='ltr'>nempe</span> <span class='ocrx_word' id='word_1_77' title='bbox 376 751 475 804; x_wconf 77' lang='lat' dir='ltr'>quod</span> <span class='ocrx_word' id='word_1_78' title='bbox 502 751 680 788; x_wconf 61' lang='lat' dir='ltr'>voluntas</span> <span class='ocrx_word' id='word_1_79' title='bbox 709 748 826 786; x_wconf 74' lang='lat' dir='ltr'>libero</span> <span class='ocrx_word' id='word_1_80' title='bbox 853 747 1014 785; x_wconf 74' lang='lat' dir='ltr'>arbitrio</span> <span class='ocrx_word' id='word_1_81' title='bbox 1041 747 1210 798; x_wconf 67' lang='lat' dir='ltr'>prcetlita</span> <span class='ocrx_word' id='word_1_82' title='bbox 1227 777 1237 794; x_wconf 91' lang='lat'>,</span> <span class='ocrx_word' id='word_1_83' title='bbox 1275 750 1308 783; x_wconf 82' lang='lat' dir='ltr'>si</span> 
     </span>
     <span class='ocr_line' id='line_1_13' title="bbox 209 800 1308 851; baseline -0.009 -5"><span class='ocrx_word' id='word_1_84' title='bbox 209 814 249 846; x_wconf 78' lang='lat' dir='ltr'>z&#39;n</span> <span class='ocrx_word' id='word_1_85' title='bbox 279 815 384 845; x_wconf 81' lang='lat' dir='ltr'>certo</span> <span class='ocrx_word' id='word_1_86' title='bbox 403 805 540 843; x_wconf 77' lang='lat' dir='ltr'>ordine</span> <span class='ocrx_word' id='word_1_87' title='bbox 559 816 692 840; x_wconf 85' lang='lat' dir='ltr'>rerum</span> <span class='ocrx_word' id='word_1_88' title='bbox 707 832 719 851; x_wconf 92' lang='lat'>,</span> <span class='ocrx_word' id='word_1_89' title='bbox 747 802 796 843; x_wconf 68' lang='lat'>(9‘</span> <span class='ocrx_word' id='word_1_90' title='bbox 814 805 1210 839; x_wconf 74' lang='lat' dir='ltr'>circumstantiarum</span> <span class='ocrx_word' id='word_1_91' title='bbox 1227 800 1308 836; x_wconf 79' lang='lat' dir='ltr'>col-</span> 
     </span>
     <span class='ocr_line' id='line_1_14' title="bbox 209 852 1309 908; baseline -0.007 -10"><span class='ocrx_word' id='word_1_92' title='bbox 209 863 382 908; x_wconf 76' lang='lat' dir='ltr'>locetur,</span> <span class='ocrx_word' id='word_1_93' title='bbox 429 863 470 895; x_wconf 82' lang='lat' dir='ltr'>in</span> <span class='ocrx_word' id='word_1_94' title='bbox 498 871 625 895; x_wconf 86' lang='lat' dir='ltr'>unam</span> <span class='ocrx_word' id='word_1_95' title='bbox 652 865 724 894; x_wconf 77' lang='lat' dir='ltr'>aut</span> <span class='ocrx_word' id='word_1_96' title='bbox 753 855 925 893; x_wconf 79' lang='lat' dir='ltr'>alteram</span> <span class='ocrx_word' id='word_1_97' title='bbox 971 863 1129 905; x_wconf 55' lang='lat' dir='ltr'>paz-rtem</span> <span class='ocrx_word' id='word_1_98' title='bbox 1158 867 1201 891; x_wconf 82' lang='lat' dir='ltr'>se</span> <span class='ocrx_word' id='word_1_99' title='bbox 1229 852 1309 904; x_wconf 85' lang='lat' dir='ltr'>fle-</span> 
     </span>
     <span class='ocr_line' id='line_1_15' title="bbox 206 907 1310 962; baseline -0.01 -10"><span class='ocrx_word' id='word_1_100' title='bbox 206 923 318 962; x_wconf 77' lang='lat' dir='ltr'>ctat,</span> <span class='ocrx_word' id='word_1_101' title='bbox 361 926 441 950; x_wconf 83' lang='lat' dir='ltr'>non</span> <span class='ocrx_word' id='word_1_102' title='bbox 468 915 669 962; x_wconf 57' lang='lat' dir='ltr'>provenire</span> <span class='ocrx_word' id='word_1_103' title='bbox 695 923 750 948; x_wconf 81' lang='lat' dir='ltr'>ex</span> <span class='ocrx_word' id='word_1_104' title='bbox 788 911 1040 958; x_wconf 69' lang='lat' dir='ltr'>praescientia</span> <span class='ocrx_word' id='word_1_105' title='bbox 1070 907 1176 951; x_wconf 84' lang='lat' dir='ltr'>Dei;</span> <span class='ocrx_word' id='word_1_106' title='bbox 1217 910 1310 955; x_wconf 79' lang='lat' dir='ltr'>quin</span> 
     </span>
     <span class='ocr_line' id='line_1_16' title="bbox 208 958 1309 1019; baseline -0.008 -14"><span class='ocrx_word' id='word_1_107' title='bbox 208 971 333 1019; x_wconf 77' lang='lat' dir='ltr'>potius</span> <span class='ocrx_word' id='word_1_108' title='bbox 358 966 447 1004; x_wconf 30' lang='lat' dir='ltr'>rideo</span> <span class='ocrx_word' id='word_1_109' title='bbox 477 963 609 1002; x_wconf 75' lang='lat' dir='ltr'>Deum</span> <span class='ocrx_word' id='word_1_110' title='bbox 636 963 678 1001; x_wconf 68' lang='lat' dir='ltr'>td</span> <span class='ocrx_word' id='word_1_111' title='bbox 702 965 891 1015; x_wconf 70' lang='lat' dir='ltr'>prce-scire</span> <span class='ocrx_word' id='word_1_112' title='bbox 908 991 918 1009; x_wconf 89' lang='lat'>,</span> <span class='ocrx_word' id='word_1_113' title='bbox 957 966 1050 1012; x_wconf 77' lang='lat' dir='ltr'>quia</span> <span class='ocrx_word' id='word_1_114' title='bbox 1078 964 1164 1008; x_wconf 79' lang='lat' dir='ltr'>ipsa</span> <span class='ocrx_word' id='word_1_115' title='bbox 1194 958 1309 996; x_wconf 77' lang='lat' dir='ltr'>libero</span> 
     </span>
     <span class='ocr_line' id='line_1_17' title="bbox 207 1013 1308 1071; baseline -0.009 -13"><span class='ocrx_word' id='word_1_116' title='bbox 207 1020 368 1058; x_wconf 72' lang='lat' dir='ltr'>arbitrio</span> <span class='ocrx_word' id='word_1_117' title='bbox 396 1017 563 1071; x_wconf 74' lang='lat' dir='ltr'>proeclita</span> <span class='ocrx_word' id='word_1_118' title='bbox 590 1016 707 1055; x_wconf 72' lang='lat' dir='ltr'>liber-e</span> <span class='ocrx_word' id='word_1_119' title='bbox 727 1015 766 1053; x_wconf 73' lang='lat' dir='ltr'>ici</span> <span class='ocrx_word' id='word_1_120' title='bbox 788 1019 919 1065; x_wconf 78' lang='lat' dir='ltr'>ipsum</span> <span class='ocrx_word' id='word_1_121' title='bbox 935 1027 1055 1066; x_wconf 77' lang='lat' dir='ltr'>agere</span> <span class='ocrx_word' id='word_1_122' title='bbox 1075 1013 1183 1050; x_wconf 66' lang='lat' dir='ltr'>(lebet</span> <span class='ocrx_word' id='word_1_123' title='bbox 1194 1027 1208 1056; x_wconf 82' lang='lat'>‚·</span> <span class='ocrx_word' id='word_1_124' title='bbox 1237 1025 1308 1049; x_wconf 83' lang='lat' dir='ltr'>nec</span> 
     </span>
     <span class='ocr_line' id='line_1_18' title="bbox 207 1064 1309 1127; baseline -0.01 -15"><span class='ocrx_word' id='word_1_125' title='bbox 207 1077 410 1127; x_wconf 57' lang='lat' dir='ltr'>provenire</span> <span class='ocrx_word' id='word_1_126' title='bbox 436 1084 490 1109; x_wconf 85' lang='lat' dir='ltr'>ex</span> <span class='ocrx_word' id='word_1_127' title='bbox 516 1085 591 1119; x_wconf 82' lang='lat' dir='ltr'>eo,</span> <span class='ocrx_word' id='word_1_128' title='bbox 634 1069 735 1121; x_wconf 71' lang='lat' dir='ltr'>quod</span> <span class='ocrx_word' id='word_1_129' title='bbox 763 1068 872 1105; x_wconf 79' lang='lat' dir='ltr'>Deus</span> <span class='ocrx_word' id='word_1_130' title='bbox 901 1068 986 1104; x_wconf 60' lang='lat' dir='ltr'>t‘elit</span> <span class='ocrx_word' id='word_1_131' title='bbox 1017 1066 1054 1103; x_wconf 72' lang='lat' dir='ltr'>it&#39;l</span> <span class='ocrx_word' id='word_1_132' title='bbox 1084 1066 1133 1103; x_wconf 74' lang='lat' dir='ltr'>ab</span> <span class='ocrx_word' id='word_1_133' title='bbox 1161 1078 1212 1103; x_wconf 74' lang='lat' dir='ltr'>ea</span> <span class='ocrx_word' id='word_1_134' title='bbox 1229 1064 1309 1116; x_wconf 83' lang='lat' dir='ltr'>fie-</span> 
     </span>
     <span class='ocr_line' id='line_1_19' title="bbox 207 1118 1308 1175; baseline -0.008 -12"><span class='ocrx_word' id='word_1_135' title='bbox 207 1132 242 1164; x_wconf 80' lang='lat' dir='ltr'>ri</span> <span class='ocrx_word' id='word_1_136' title='bbox 259 1157 270 1175; x_wconf 96' lang='lat'>,</span> <span class='ocrx_word' id='word_1_137' title='bbox 299 1126 368 1165; x_wconf 71' lang='lat' dir='ltr'>sed</span> <span class='ocrx_word' id='word_1_138' title='bbox 396 1138 448 1163; x_wconf 75' lang='lat' dir='ltr'>ex</span> <span class='ocrx_word' id='word_1_139' title='bbox 477 1138 548 1172; x_wconf 81' lang='lat' dir='ltr'>eo,</span> <span class='ocrx_word' id='word_1_140' title='bbox 578 1122 678 1175; x_wconf 74' lang='lat' dir='ltr'>quod</span> <span class='ocrx_word' id='word_1_141' title='bbox 706 1127 793 1173; x_wconf 79' lang='lat' dir='ltr'>ipsa</span> <span class='ocrx_word' id='word_1_142' title='bbox 820 1120 859 1158; x_wconf 74' lang='lat' dir='ltr'>id</span> <span class='ocrx_word' id='word_1_143' title='bbox 886 1120 1002 1158; x_wconf 80' lang='lat' dir='ltr'>libere</span> <span class='ocrx_word' id='word_1_144' title='bbox 1026 1120 1116 1157; x_wconf 52' lang='lat' dir='ltr'>velit</span> <span class='ocrx_word' id='word_1_145' title='bbox 1133 1118 1281 1170; x_wconf 82' lang='lat' dir='ltr'>facere</span> <span class='ocrx_word' id='word_1_146' title='bbox 1298 1144 1308 1155; x_wconf 93' lang='lat'><strong>.</strong></span> 
     </span>
     <span class='ocr_line' id='line_1_20' title="bbox 208 1172 1308 1231; baseline -0.011 -12"><span class='ocrx_word' id='word_1_147' title='bbox 208 1181 294 1219; x_wconf 59' lang='lat' dir='ltr'>TNon</span> <span class='ocrx_word' id='word_1_148' title='bbox 323 1181 437 1231; x_wconf 81' lang='lat' dir='ltr'>igitur</span> <span class='ocrx_word' id='word_1_149' title='bbox 464 1193 487 1215; x_wconf 87' lang='lat' dir='ltr'>a</span> <span class='ocrx_word' id='word_1_150' title='bbox 515 1177 589 1215; x_wconf 90' lang='lat' dir='ltr'>Dei</span> <span class='ocrx_word' id='word_1_151' title='bbox 619 1176 806 1215; x_wconf 80' lang='lat' dir='ltr'>volunta-te</span> <span class='ocrx_word' id='word_1_152' title='bbox 831 1175 951 1212; x_wconf 80' lang='lat' dir='ltr'>oritur</span> <span class='ocrx_word' id='word_1_153' title='bbox 969 1203 979 1221; x_wconf 85' lang='lat'>,</span> <span class='ocrx_word' id='word_1_154' title='bbox 1009 1173 1108 1224; x_wconf 81' lang='lat' dir='ltr'>quod</span> <span class='ocrx_word' id='word_1_155' title='bbox 1139 1172 1308 1211; x_wconf 83' lang='lat' dir='ltr'>voluntas</span> 
     </span>
     <span class='ocr_line' id='line_1_21' title="bbox 207 1227 828 1282; baseline -0.013 -10"><span class='ocrx_word' id='word_1_156' title='bbox 207 1242 334 1272; x_wconf 75' lang='lat' dir='ltr'>nostra</span> <span class='ocrx_word' id='word_1_157' title='bbox 362 1233 507 1270; x_wconf 80' lang='lat' dir='ltr'>bonum</span> <span class='ocrx_word' id='word_1_158' title='bbox 534 1230 684 1282; x_wconf 85' lang='lat' dir='ltr'>opera-ri</span> <span class='ocrx_word' id='word_1_159' title='bbox 713 1227 828 1266; x_wconf 85' lang='lat' dir='ltr'>velit.</span> 
     </span>
    </p>

    <p class='ocr_par' dir='ltr' id='par_1_4' title="bbox 206 1277 1312 2025">
     <span class='ocr_line' id='line_1_22' title="bbox 270 1277 1310 1337; baseline -0.011 -13"><span class='ocrx_word' id='word_1_160' title='bbox 270 1286 355 1337; x_wconf 82' lang='lat'><strong>167.</strong></span> <span class='ocrx_word' id='word_1_161' title='bbox 385 1284 457 1323; x_wconf 82' lang='lat' dir='ltr'>Sed</span> <span class='ocrx_word' id='word_1_162' title='bbox 475 1313 485 1331; x_wconf 90' lang='lat'>,</span> <span class='ocrx_word' id='word_1_163' title='bbox 512 1293 554 1321; x_wconf 82' lang='lat' dir='ltr'>ut</span> <span class='ocrx_word' id='word_1_164' title='bbox 582 1291 654 1320; x_wconf 87' lang='lat' dir='ltr'>tota</span> <span class='ocrx_word' id='word_1_165' title='bbox 682 1282 790 1333; x_wconf 82' lang='lat' dir='ltr'>quasi</span> <span class='ocrx_word' id='word_1_166' title='bbox 820 1280 933 1318; x_wconf 85' lang='lat' dir='ltr'>facies</span> <span class='ocrx_word' id='word_1_167' title='bbox 962 1277 1166 1317; x_wconf 81' lang='lat' dir='ltr'>Moliniani</span> <span class='ocrx_word' id='word_1_168' title='bbox 1193 1285 1310 1329; x_wconf 75' lang='lat' dir='ltr'>syste-</span> 
     </span>
     <span class='ocr_line' id='line_1_23' title="bbox 208 1331 1307 1390; baseline -0.012 -12"><span class='ocrx_word' id='word_1_169' title='bbox 208 1341 322 1377; x_wconf 80' lang='lat' dir='ltr'>matis</span> <span class='ocrx_word' id='word_1_170' title='bbox 349 1346 529 1390; x_wconf 73' lang='lat' dir='ltr'><strong>appareat</strong></span> <span class='ocrx_word' id='word_1_171' title='bbox 562 1337 602 1372; x_wconf 86' lang='lat' dir='ltr'>in</span> <span class='ocrx_word' id='word_1_172' title='bbox 630 1335 760 1372; x_wconf 85' lang='lat' dir='ltr'>ordine</span> <span class='ocrx_word' id='word_1_173' title='bbox 801 1331 1108 1384; x_wconf 84' lang='lat' dir='ltr'>supernaturali,</span> <span class='ocrx_word' id='word_1_174' title='bbox 1156 1331 1200 1367; x_wconf 81' lang='lat' dir='ltr'>de</span> <span class='ocrx_word' id='word_1_175' title='bbox 1230 1343 1307 1382; x_wconf 81' lang='lat' dir='ltr'>quo</span> 
     </span>
     <span class='ocr_line' id='line_1_24' title="bbox 208 1383 1310 1434; baseline -0.01 -5"><span class='ocrx_word' id='word_1_176' title='bbox 208 1405 285 1429; x_wconf 81' lang='lat' dir='ltr'>uno</span> <span class='ocrx_word' id='word_1_177' title='bbox 314 1390 374 1428; x_wconf 75' lang='lat' dir='ltr'>hic</span> <span class='ocrx_word' id='word_1_178' title='bbox 400 1388 555 1428; x_wconf 70' lang='lat' dir='ltr'>&#39;solliciti</span> <span class='ocrx_word' id='word_1_179' title='bbox 583 1401 738 1434; x_wconf 80' lang='lat' dir='ltr'>sumus,</span> <span class='ocrx_word' id='word_1_180' title='bbox 775 1386 967 1423; x_wconf 81' lang='lat' dir='ltr'>sciendum</span> <span class='ocrx_word' id='word_1_181' title='bbox 997 1393 1074 1431; x_wconf 85' lang='lat' dir='ltr'>est,</span> <span class='ocrx_word' id='word_1_182' title='bbox 1118 1383 1310 1420; x_wconf 76' lang='lat' dir='ltr'>Moliuam</span> 
     </span>
     <span class='ocr_line' id='line_1_25' title="bbox 207 1434 1310 1491; baseline -0.012 -9"><span class='ocrx_word' id='word_1_183' title='bbox 207 1457 282 1482; x_wconf 81' lang='lat' dir='ltr'>uon</span> <span class='ocrx_word' id='word_1_184' title='bbox 311 1443 427 1481; x_wconf 82' lang='lat' dir='ltr'>aliam</span> <span class='ocrx_word' id='word_1_185' title='bbox 458 1453 657 1491; x_wconf 80' lang='lat' dir='ltr'>agnoscere</span> <span class='ocrx_word' id='word_1_186' title='bbox 685 1440 845 1489; x_wconf 78' lang='lat' dir='ltr'>gratiam</span> <span class='ocrx_word' id='word_1_187' title='bbox 863 1467 873 1484; x_wconf 92' lang='lat'>,</span> <span class='ocrx_word' id='word_1_188' title='bbox 920 1451 1038 1488; x_wconf 82' lang='lat' dir='ltr'>quam</span> <span class='ocrx_word' id='word_1_189' title='bbox 1067 1434 1279 1475; x_wconf 85' lang='lat' dir='ltr'>versatilem</span> <span class='ocrx_word' id='word_1_190' title='bbox 1299 1464 1310 1481; x_wconf 86' lang='lat'>,</span> 
     </span>
     <span class='ocr_line' id='line_1_26' title="bbox 209 1488 1312 1538; baseline -0.01 -4"><span class='ocrx_word' id='word_1_191' title='bbox 209 1497 388 1534; x_wconf 84' lang='lat' dir='ltr'>humauae</span> <span class='ocrx_word' id='word_1_192' title='bbox 419 1492 616 1531; x_wconf 81' lang='lat' dir='ltr'>voluntatis</span> <span class='ocrx_word' id='word_1_193' title='bbox 645 1491 803 1529; x_wconf 84' lang='lat' dir='ltr'>arbitrio</span> <span class='ocrx_word' id='word_1_194' title='bbox 844 1489 1031 1526; x_wconf 83' lang='lat' dir='ltr'>subditam</span> <span class='ocrx_word' id='word_1_195' title='bbox 1050 1519 1060 1536; x_wconf 92' lang='lat'>,</span> <span class='ocrx_word' id='word_1_196' title='bbox 1107 1488 1157 1526; x_wconf 86' lang='lat' dir='ltr'>ab</span> <span class='ocrx_word' id='word_1_197' title='bbox 1191 1499 1312 1538; x_wconf 83' lang='lat' dir='ltr'>eoque</span> 
     </span>
     <span class='ocr_line' id='line_1_27' title="bbox 208 1541 1312 1600; baseline -0.01 -12"><span class='ocrx_word' id='word_1_198' title='bbox 208 1552 259 1588; x_wconf 76' lang='lat' dir='ltr'>ita</span> <span class='ocrx_word' id='word_1_199' title='bbox 289 1546 520 1600; x_wconf 76' lang='lat' dir='ltr'>pendulam,</span> <span class='ocrx_word' id='word_1_200' title='bbox 551 1554 590 1582; x_wconf 86' lang='lat' dir='ltr'>ut</span> <span class='ocrx_word' id='word_1_201' title='bbox 617 1542 781 1597; x_wconf 82' lang='lat' dir='ltr'>quilibet</span> <span class='ocrx_word' id='word_1_202' title='bbox 809 1555 992 1579; x_wconf 87' lang='lat' dir='ltr'>consensu</span> <span class='ocrx_word' id='word_1_203' title='bbox 1022 1555 1115 1588; x_wconf 89' lang='lat' dir='ltr'>suo,</span> <span class='ocrx_word' id='word_1_204' title='bbox 1145 1549 1208 1577; x_wconf 87' lang='lat' dir='ltr'>aut</span> <span class='ocrx_word' id='word_1_205' title='bbox 1237 1541 1312 1577; x_wconf 87' lang='lat' dir='ltr'>dis-</span> 
     </span>
     <span class='ocr_line' id='line_1_28' title="bbox 206 1592 1309 1643; baseline -0.011 -2"><span class='ocrx_word' id='word_1_206' title='bbox 206 1616 317 1641; x_wconf 83' lang='lat' dir='ltr'>sensu</span> <span class='ocrx_word' id='word_1_207' title='bbox 344 1614 430 1638; x_wconf 87' lang='lat' dir='ltr'>eam</span> <span class='ocrx_word' id='word_1_208' title='bbox 461 1599 614 1636; x_wconf 82' lang='lat' dir='ltr'>reddere</span> <span class='ocrx_word' id='word_1_209' title='bbox 642 1597 774 1635; x_wconf 84' lang='lat' dir='ltr'>debeat</span> <span class='ocrx_word' id='word_1_210' title='bbox 801 1594 994 1633; x_wconf 81' lang='lat' dir='ltr'>efficacem</span> <span class='ocrx_word' id='word_1_211' title='bbox 1012 1625 1023 1643; x_wconf 83' lang='lat'>,</span> <span class='ocrx_word' id='word_1_212' title='bbox 1053 1594 1111 1633; x_wconf 88' lang='lat' dir='ltr'>vel</span> <span class='ocrx_word' id='word_1_213' title='bbox 1142 1592 1309 1631; x_wconf 79' lang='lat' dir='ltr'>ineffica-</span> 
     </span>
     <span class='ocr_line' id='line_1_29' title="bbox 207 1646 1311 1703; baseline -0.01 -9"><span class='ocrx_word' id='word_1_214' title='bbox 207 1670 320 1694; x_wconf 74' lang='lat' dir='ltr'>cem.</span> <span class='ocrx_word' id='word_1_215' title='bbox 362 1653 477 1691; x_wconf 82' lang='lat' dir='ltr'>Videt</span> <span class='ocrx_word' id='word_1_216' title='bbox 501 1665 592 1703; x_wconf 79' lang='lat' dir='ltr'>ergo</span> <span class='ocrx_word' id='word_1_217' title='bbox 620 1651 723 1688; x_wconf 86' lang='lat' dir='ltr'>Deus</span> <span class='ocrx_word' id='word_1_218' title='bbox 750 1650 904 1687; x_wconf 83' lang='lat' dir='ltr'>scientia</span> <span class='ocrx_word' id='word_1_219' title='bbox 932 1662 999 1686; x_wconf 86' lang='lat' dir='ltr'>sua</span> <span class='ocrx_word' id='word_1_220' title='bbox 1027 1648 1178 1694; x_wconf 81' lang='lat' dir='ltr'>media,</span> <span class='ocrx_word' id='word_1_221' title='bbox 1216 1646 1311 1698; x_wconf 83' lang='lat' dir='ltr'>quid</span> 
     </span>
     <span class='ocr_line' id='line_1_30' title="bbox 207 1699 1309 1756; baseline -0.013 -9"><span class='ocrx_word' id='word_1_222' title='bbox 207 1708 374 1747; x_wconf 83' lang='lat' dir='ltr'>liberum</span> <span class='ocrx_word' id='word_1_223' title='bbox 402 1704 588 1756; x_wconf 75' lang='lat' dir='ltr'>cujusque</span> <span class='ocrx_word' id='word_1_224' title='bbox 615 1703 822 1741; x_wconf 83' lang='lat' dir='ltr'>arbi-trium</span> <span class='ocrx_word' id='word_1_225' title='bbox 851 1703 890 1737; x_wconf 90' lang='lat' dir='ltr'>in</span> <span class='ocrx_word' id='word_1_226' title='bbox 933 1700 1095 1737; x_wconf 79' lang='lat' dir='ltr'>infinitis</span> <span class='ocrx_word' id='word_1_227' title='bbox 1123 1699 1309 1749; x_wconf 77' lang='lat' dir='ltr'>hypothe-</span> 
     </span>
     <span class='ocr_line' id='line_1_31' title="bbox 207 1751 1310 1807; baseline -0.011 -9"><span class='ocrx_word' id='word_1_228' title='bbox 207 1761 312 1799; x_wconf 79' lang='lat' dir='ltr'>sibus</span> <span class='ocrx_word' id='word_1_229' title='bbox 329 1789 340 1807; x_wconf 95' lang='lat'>,</span> <span class='ocrx_word' id='word_1_230' title='bbox 369 1772 433 1796; x_wconf 88' lang='lat' dir='ltr'>seu</span> <span class='ocrx_word' id='word_1_231' title='bbox 459 1755 734 1794; x_wconf 76' lang='lat' dir='ltr'>conditionibus</span> <span class='ocrx_word' id='word_1_232' title='bbox 751 1783 761 1801; x_wconf 89' lang='lat'>,</span> <span class='ocrx_word' id='word_1_233' title='bbox 798 1752 860 1790; x_wconf 86' lang='lat' dir='ltr'>vel</span> <span class='ocrx_word' id='word_1_234' title='bbox 887 1766 1015 1789; x_wconf 63' lang='lat' dir='ltr'>&gt;rerum</span> <span class='ocrx_word' id='word_1_235' title='bbox 1045 1751 1242 1788; x_wconf 80' lang='lat' dir='ltr'>ordinibus</span> <span class='ocrx_word' id='word_1_236' title='bbox 1269 1763 1310 1786; x_wconf 91' lang='lat' dir='ltr'>o-</span> 
     </span>
     <span class='ocr_line' id='line_1_32' title="bbox 209 1802 1312 1865; baseline -0.011 -14"><span class='ocrx_word' id='word_1_237' title='bbox 209 1822 432 1865; x_wconf 81' lang='lat' dir='ltr'>peraturum</span> <span class='ocrx_word' id='word_1_238' title='bbox 459 1809 505 1846; x_wconf 85' lang='lat' dir='ltr'>sit</span> <span class='ocrx_word' id='word_1_239' title='bbox 533 1822 621 1845; x_wconf 90' lang='lat' dir='ltr'>cum</span> <span class='ocrx_word' id='word_1_240' title='bbox 652 1808 697 1844; x_wconf 86' lang='lat' dir='ltr'>iis</span> <span class='ocrx_word' id='word_1_241' title='bbox 725 1806 855 1857; x_wconf 79' lang='lat' dir='ltr'>gratiae</span> <span class='ocrx_word' id='word_1_242' title='bbox 885 1804 1060 1851; x_wconf 81' lang='lat' dir='ltr'>auxiliis,</span> <span class='ocrx_word' id='word_1_243' title='bbox 1086 1817 1176 1854; x_wconf 75' lang='lat' dir='ltr'>quae</span> <span class='ocrx_word' id='word_1_244' title='bbox 1209 1802 1312 1839; x_wconf 78' lang='lat' dir='ltr'>Deus</span> 
     </span>
     <span class='ocr_line' id='line_1_33' title="bbox 212 1854 1312 1916; baseline -0.012 -13"><span class='ocrx_word' id='word_1_245' title='bbox 212 1865 311 1903; x_wconf 71' lang='lat' dir='ltr'>nulli</span> <span class='ocrx_word' id='word_1_246' title='bbox 340 1863 527 1916; x_wconf 66' lang='lat' dir='ltr'>peccatori</span> <span class='ocrx_word' id='word_1_247' title='bbox 544 1862 796 1911; x_wconf 63' lang='lat' dir='ltr'>quantumvis</span> <span class='ocrx_word' id='word_1_248' title='bbox 815 1858 1007 1895; x_wconf 81' lang='lat' dir='ltr'>scelerato</span> <span class='ocrx_word' id='word_1_249' title='bbox 1021 1857 1177 1907; x_wconf 80' lang='lat' dir='ltr'>denegat</span> <span class='ocrx_word' id='word_1_250' title='bbox 1194 1858 1208 1905; x_wconf 93' lang='lat'>(</span> <span class='ocrx_word' id='word_1_251' title='bbox 1226 1854 1312 1892; x_wconf 83' lang='lat' dir='ltr'>Mo·</span> 
     </span>
     <span class='ocr_line' id='line_1_34' title="bbox 213 1908 1311 1965; baseline -0.011 -9"><span class='ocrx_word' id='word_1_252' title='bbox 213 1918 294 1956; x_wconf 85' lang='lat' dir='ltr'>lina</span> <span class='ocrx_word' id='word_1_253' title='bbox 323 1920 362 1956; x_wconf 89' lang='lat' dir='ltr'>in</span> <span class='ocrx_word' id='word_1_254' title='bbox 394 1914 612 1954; x_wconf 74' lang='lat' dir='ltr'>Con-cordia</span> <span class='ocrx_word' id='word_1_255' title='bbox 648 1927 714 1965; x_wconf 87' lang='lat' dir='ltr'>qu.</span> <span class='ocrx_word' id='word_1_256' title='bbox 751 1912 809 1956; x_wconf 66' lang='lat'>14.</span> <span class='ocrx_word' id='word_1_257' title='bbox 840 1920 909 1949; x_wconf 86' lang='lat' dir='ltr'>art.</span> <span class='ocrx_word' id='word_1_258' title='bbox 946 1910 1004 1948; x_wconf 80' lang='grc'>15.</span> <span class='ocrx_word' id='word_1_259' title='bbox 1042 1910 1141 1961; x_wconf 84' lang='lat' dir='ltr'>disp.</span> <span class='ocrx_word' id='word_1_260' title='bbox 1175 1922 1236 1946; x_wconf 83' lang='lat'>10.</span> <span class='ocrx_word' id='word_1_261' title='bbox 1267 1908 1311 1956; x_wconf 89' lang='lat'>),</span> 
     </span>
     <span class='ocr_line' id='line_1_35' title="bbox 208 1961 1311 2025; baseline -0.012 -15"><span class='ocrx_word' id='word_1_262' title='bbox 208 1983 376 2025; x_wconf 80' lang='lat' dir='ltr'>quaeque</span> <span class='ocrx_word' id='word_1_263' title='bbox 406 1986 426 2008; x_wconf 88' lang='lat' dir='ltr'>a</span> <span class='ocrx_word' id='word_1_264' title='bbox 455 1978 577 2006; x_wconf 83' lang='lat' dir='ltr'>nostra</span> <span class='ocrx_word' id='word_1_265' title='bbox 597 1966 720 2004; x_wconf 77' lang='lat' dir='ltr'>libera</span> <span class='ocrx_word' id='word_1_266' title='bbox 738 1964 931 2003; x_wconf 84' lang='lat' dir='ltr'>voluntate</span> <span class='ocrx_word' id='word_1_267' title='bbox 950 1964 1105 2000; x_wconf 87' lang='lat' dir='ltr'>omuino</span> <span class='ocrx_word' id='word_1_268' title='bbox 1125 1961 1283 2014; x_wconf 77' lang='lat' dir='ltr'>pendent</span> <span class='ocrx_word' id='word_1_269' title='bbox 1301 1986 1311 1997; x_wconf 92' lang='lat'>.</span> 
     </span>
    </p>

    <p class='ocr_par' dir='ltr' id='par_1_5' title="bbox 209 2014 1319 2973">
     <span class='ocr_line' id='line_1_36' title="bbox 273 2014 1312 2074; baseline -0.012 -12"><span class='ocrx_word' id='word_1_270' title='bbox 273 2024 358 2063; x_wconf 75' lang='grc'>168.</span> <span class='ocrx_word' id='word_1_271' title='bbox 388 2023 519 2074; x_wconf 80' lang='lat' dir='ltr'>Neque</span> <span class='ocrx_word' id='word_1_272' title='bbox 548 2033 636 2058; x_wconf 89' lang='lat' dir='ltr'>vero</span> <span class='ocrx_word' id='word_1_273' title='bbox 663 2019 809 2065; x_wconf 76' lang='lat' dir='ltr'>obstat,</span> <span class='ocrx_word' id='word_1_274' title='bbox 837 2016 937 2068; x_wconf 77' lang='lat' dir='ltr'>quod</span> <span class='ocrx_word' id='word_1_275' title='bbox 958 2015 1109 2053; x_wconf 80' lang='lat' dir='ltr'>Molina</span> <span class='ocrx_word' id='word_1_276' title='bbox 1138 2014 1312 2065; x_wconf 86' lang='lat' dir='ltr'>aliquau-</span> 
     </span>
     <span class='ocr_line' id='line_1_37' title="bbox 211 2067 1312 2129; baseline -0.012 -13"><span class='ocrx_word' id='word_1_277' title='bbox 211 2079 261 2116; x_wconf 82' lang='lat' dir='ltr'>do</span> <span class='ocrx_word' id='word_1_278' title='bbox 289 2085 420 2129; x_wconf 78' lang='lat' dir='ltr'>neget,</span> <span class='ocrx_word' id='word_1_279' title='bbox 449 2075 610 2126; x_wconf 76' lang='lat' dir='ltr'>gratiam</span> <span class='ocrx_word' id='word_1_280' title='bbox 637 2086 713 2110; x_wconf 79' lang='lat' dir='ltr'>esse</span> <span class='ocrx_word' id='word_1_281' title='bbox 732 2069 1034 2116; x_wconf 80' lang='lat' dir='ltr'>indifferentem,</span> <span class='ocrx_word' id='word_1_282' title='bbox 1063 2082 1129 2105; x_wconf 84' lang='lat' dir='ltr'>seu</span> <span class='ocrx_word' id='word_1_283' title='bbox 1158 2067 1312 2105; x_wconf 82' lang='lat' dir='ltr'>versati-</span> 
     </span>
     <span class='ocr_line' id='line_1_38' title="bbox 214 2118 1312 2178; baseline -0.01 -10"><span class='ocrx_word' id='word_1_284' title='bbox 214 2130 317 2178; x_wconf 75' lang='lat' dir='ltr'>lem,</span> <span class='ocrx_word' id='word_1_285' title='bbox 360 2130 480 2166; x_wconf 82' lang='lat' dir='ltr'>immo</span> <span class='ocrx_word' id='word_1_286' title='bbox 507 2128 631 2172; x_wconf 83' lang='lat' dir='ltr'>dicat,</span> <span class='ocrx_word' id='word_1_287' title='bbox 677 2138 763 2162; x_wconf 85' lang='lat' dir='ltr'>eam</span> <span class='ocrx_word' id='word_1_288' title='bbox 792 2135 836 2159; x_wconf 88' lang='lat' dir='ltr'>ex</span> <span class='ocrx_word' id='word_1_289' title='bbox 865 2130 1001 2159; x_wconf 77' lang='lat' dir='ltr'>natura</span> <span class='ocrx_word' id='word_1_290' title='bbox 1028 2134 1095 2157; x_wconf 80' lang='lat' dir='ltr'>sua</span> <span class='ocrx_word' id='word_1_291' title='bbox 1125 2118 1312 2157; x_wconf 77' lang='lat' dir='ltr'>inclinare</span> 
     </span>
     <span class='ocr_line' id='line_1_39' title="bbox 209 2173 1313 2230; baseline -0.012 -8"><span class='ocrx_word' id='word_1_292' title='bbox 209 2185 260 2221; x_wconf 78' lang='lat' dir='ltr'>-ad</span> <span class='ocrx_word' id='word_1_293' title='bbox 288 2184 457 2227; x_wconf 81' lang='lat' dir='ltr'>boutnn3</span> <span class='ocrx_word' id='word_1_294' title='bbox 486 2181 523 2217; x_wconf 84' lang='lat' dir='ltr'>iu</span> <span class='ocrx_word' id='word_1_295' title='bbox 553 2177 771 2230; x_wconf 85' lang='lat' dir='ltr'>hujusmodi</span> <span class='ocrx_word' id='word_1_296' title='bbox 800 2175 901 2212; x_wconf 80' lang='lat' dir='ltr'>euim</span> <span class='ocrx_word' id='word_1_297' title='bbox 921 2173 1123 2226; x_wconf 74' lang='lat' dir='ltr'>phrasibus</span> <span class='ocrx_word' id='word_1_298' title='bbox 1144 2173 1313 2224; x_wconf 74' lang='lat' dir='ltr'>aequivo-</span> 
     </span>
     <span class='ocr_line' id='line_1_40' title="bbox 213 2227 1315 2284; baseline -0.012 -10"><span class='ocrx_word' id='word_1_299' title='bbox 213 2237 311 2274; x_wconf 84' lang='lat' dir='ltr'>catio</span> <span class='ocrx_word' id='word_1_300' title='bbox 339 2235 452 2282; x_wconf 79' lang='lat' dir='ltr'>latet,</span> <span class='ocrx_word' id='word_1_301' title='bbox 481 2235 606 2284; x_wconf 81' lang='lat' dir='ltr'>&#39;quam</span> <span class='ocrx_word' id='word_1_302' title='bbox 633 2229 728 2268; x_wconf 87' lang='lat' dir='ltr'>tollit</span> <span class='ocrx_word' id='word_1_303' title='bbox 757 2228 973 2267; x_wconf 78' lang='lat' dir='ltr'>Leonardus</span> <span class='ocrx_word' id='word_1_304' title='bbox 1001 2227 1176 2274; x_wconf 81' lang='lat' dir='ltr'>Lessi-us,</span> <span class='ocrx_word' id='word_1_305' title='bbox 1222 2238 1315 2262; x_wconf 85' lang='lat' dir='ltr'>unus</span> 
     </span>
     <span class='ocr_line' id='line_1_41' title="bbox 209 2276 1314 2340; baseline -0.01 -13"><span class='ocrx_word' id='word_1_306' title='bbox 209 2303 258 2326; x_wconf 80' lang='lat' dir='ltr'>ex</span> <span class='ocrx_word' id='word_1_307' title='bbox 288 2288 421 2340; x_wconf 85' lang='lat' dir='ltr'>primis</span> <span class='ocrx_word' id='word_1_308' title='bbox 452 2285 695 2325; x_wconf 77' lang='lat' dir='ltr'>Molinistieae</span> <span class='ocrx_word' id='word_1_309' title='bbox 733 2281 874 2321; x_wconf 79' lang='lat' dir='ltr'>schol-ae</span> <span class='ocrx_word' id='word_1_310' title='bbox 915 2279 1078 2318; x_wconf 79' lang='lat' dir='ltr'>ducibus</span> <span class='ocrx_word' id='word_1_311' title='bbox 1106 2280 1146 2317; x_wconf 87' lang='lat' dir='ltr'>in</span> <span class='ocrx_word' id='word_1_312' title='bbox 1178 2276 1314 2316; x_wconf 75' lang='lat' dir='ltr'>Tract-</span> 
     </span>
     <span class='ocr_line' id='line_1_42' title="bbox 214 2332 1314 2393; baseline -0.01 -13"><span class='ocrx_word' id='word_1_313' title='bbox 214 2343 370 2393; x_wconf 73' lang='lat' dir='ltr'>apolog.</span> <span class='ocrx_word' id='word_1_314' title='bbox 397 2340 446 2377; x_wconf 84' lang='lat' dir='ltr'>cle</span> <span class='ocrx_word' id='word_1_315' title='bbox 473 2343 608 2391; x_wconf 76' lang='lat' dir='ltr'>gratia</span> <span class='ocrx_word' id='word_1_316' title='bbox 637 2351 672 2375; x_wconf 69' lang='lat' dir='ltr'>c.</span> <span class='ocrx_word' id='word_1_317' title='bbox 706 2335 768 2374; x_wconf 67' lang='lat'>18.</span> <span class='ocrx_word' id='word_1_318' title='bbox 811 2348 920 2372; x_wconf 80' lang='lat' dir='ltr'>num.</span> <span class='ocrx_word' id='word_1_319' title='bbox 956 2347 990 2371; x_wconf 90' lang='lat'>1.</span> <span class='ocrx_word' id='word_1_320' title='bbox 1031 2345 1167 2383; x_wconf 85' lang='lat' dir='ltr'>nempe</span> <span class='ocrx_word' id='word_1_321' title='bbox 1192 2332 1314 2382; x_wconf 80' lang='lat' dir='ltr'>gra-tia</span> 
     </span>
     <span class='ocr_line' id='line_1_43' title="bbox 215 2383 1315 2437; baseline -0.012 -4"><span class='ocrx_word' id='word_1_322' title='bbox 215 2404 268 2433; x_wconf 82' lang='lat' dir='ltr'>est</span> <span class='ocrx_word' id='word_1_323' title='bbox 295 2395 465 2432; x_wconf 86' lang='lat' dir='ltr'>ordinata</span> <span class='ocrx_word' id='word_1_324' title='bbox 493 2393 539 2430; x_wconf 90' lang='lat' dir='ltr'>ad</span> <span class='ocrx_word' id='word_1_325' title='bbox 560 2392 705 2430; x_wconf 84' lang='lat' dir='ltr'>bonum</span> <span class='ocrx_word' id='word_1_326' title='bbox 735 2393 775 2426; x_wconf 82' lang='lat' dir='ltr'>in</span> <span class='ocrx_word' id='word_1_327' title='bbox 804 2397 897 2426; x_wconf 86' lang='lat' dir='ltr'>actu</span> <span class='ocrx_word' id='word_1_328' title='bbox 913 2389 1041 2437; x_wconf 82' lang='lat' dir='ltr'>primo</span> <span class='ocrx_word' id='word_1_329' title='bbox 1055 2400 1070 2430; x_wconf 84' lang='lat'>,·</span> <span class='ocrx_word' id='word_1_330' title='bbox 1098 2384 1170 2422; x_wconf 74' lang='lat' dir='ltr'>secl</span> <span class='ocrx_word' id='word_1_331' title='bbox 1197 2394 1237 2420; x_wconf 80' lang='lat' dir='ltr'>ut</span> <span class='ocrx_word' id='word_1_332' title='bbox 1258 2383 1315 2421; x_wconf 77' lang='lat' dir='ltr'>di-</span> 
     </span>
     <span class='ocr_line' id='line_1_44' title="bbox 216 2437 1313 2493; baseline -0.011 -7"><span class='ocrx_word' id='word_1_333' title='bbox 216 2458 330 2486; x_wconf 81' lang='lat' dir='ltr'>catur</span> <span class='ocrx_word' id='word_1_334' title='bbox 358 2445 501 2484; x_wconf 75' lang='lat' dir='ltr'>habere</span> <span class='ocrx_word' id='word_1_335' title='bbox 529 2445 758 2493; x_wconf 83' lang='lat' dir='ltr'>efficaciam</span> <span class='ocrx_word' id='word_1_336' title='bbox 781 2445 826 2480; x_wconf 80' lang='lat' dir='ltr'>in</span> <span class='ocrx_word' id='word_1_337' title='bbox 843 2450 940 2479; x_wconf 73' lang='lat' dir='ltr'>actu</span> <span class='ocrx_word' id='word_1_338' title='bbox 965 2437 1138 2477; x_wconf 79' lang='lat' dir='ltr'>secundo</span> <span class='ocrx_word' id='word_1_339' title='bbox 1154 2467 1165 2485; x_wconf 85' lang='lat'>,</span> <span class='ocrx_word' id='word_1_340' title='bbox 1193 2450 1313 2487; x_wconf 75' lang='lat' dir='ltr'>expe-</span> 
     </span>
     <span class='ocr_line' id='line_1_45' title="bbox 216 2489 1314 2547; baseline -0.012 -8"><span class='ocrx_word' id='word_1_341' title='bbox 216 2511 300 2539; x_wconf 78' lang='lat' dir='ltr'>ctat</span> <span class='ocrx_word' id='word_1_342' title='bbox 328 2512 564 2538; x_wconf 77' lang='lat' dir='ltr'>consensum</span> <span class='ocrx_word' id='word_1_343' title='bbox 593 2498 826 2543; x_wconf 54' lang='lat' dir='ltr'>voluntatis,</span> <span class='ocrx_word' id='word_1_344' title='bbox 859 2495 971 2547; x_wconf 75' lang='lat' dir='ltr'>cujus</span> <span class='ocrx_word' id='word_1_345' title='bbox 999 2495 1084 2530; x_wconf 83' lang='lat' dir='ltr'>usui</span> <span class='ocrx_word' id='word_1_346' title='bbox 1111 2489 1282 2528; x_wconf 78' lang='lat' dir='ltr'>subditur</span> <span class='ocrx_word' id='word_1_347' title='bbox 1299 2505 1314 2534; x_wconf 85' lang='lat'>‚-</span> 
     </span>
     <span class='ocr_line' id='line_1_46' title="bbox 216 2543 1314 2601; baseline -0.011 -9"><span class='ocrx_word' id='word_1_348' title='bbox 216 2560 318 2592; x_wconf 77' lang='lat' dir='ltr'>itaut</span> <span class='ocrx_word' id='word_1_349' title='bbox 346 2552 529 2601; x_wconf 68' lang='lat' dir='ltr'>efficacia</span> <span class='ocrx_word' id='word_1_350' title='bbox 566 2550 615 2589; x_wconf 79' lang='lat' dir='ltr'>ab</span> <span class='ocrx_word' id='word_1_351' title='bbox 657 2563 729 2588; x_wconf 82' lang='lat' dir='ltr'>usu</span> <span class='ocrx_word' id='word_1_352' title='bbox 769 2549 976 2587; x_wconf 70' lang='lat' dir='ltr'>voluntatis</span> <span class='ocrx_word' id='word_1_353' title='bbox 1022 2543 1314 2597; x_wconf 74' lang='lat' dir='ltr'>quodammodo</span> 
     </span>
     <span class='ocr_line' id='line_1_47' title="bbox 219 2599 1316 2656; baseline -0.012 -11"><span class='ocrx_word' id='word_1_354' title='bbox 219 2606 409 2656; x_wconf 68' lang='lat' dir='ltr'>pendeat.</span> <span class='ocrx_word' id='word_1_355' title='bbox 437 2606 515 2644; x_wconf 84' lang='lat' dir='ltr'>Nec</span> <span class='ocrx_word' id='word_1_356' title='bbox 541 2605 732 2643; x_wconf 81' lang='lat' dir='ltr'>diversam</span> <span class='ocrx_word' id='word_1_357' title='bbox 761 2616 837 2640; x_wconf 88' lang='lat' dir='ltr'>esse</span> <span class='ocrx_word' id='word_1_358' title='bbox 867 2601 1030 2639; x_wconf 87' lang='lat' dir='ltr'>aliorum</span> <span class='ocrx_word' id='word_1_359' title='bbox 1049 2599 1258 2636; x_wconf 76' lang='lat' dir='ltr'>doctrinam</span> <span class='ocrx_word' id='word_1_360' title='bbox 1277 2610 1316 2633; x_wconf 93' lang='lat' dir='ltr'>o-</span> 
     </span>
     <span class='ocr_line' id='line_1_48' title="bbox 219 2649 1318 2709; baseline -0.011 -12"><span class='ocrx_word' id='word_1_361' title='bbox 219 2660 354 2697; x_wconf 86' lang='lat' dir='ltr'>stendit</span> <span class='ocrx_word' id='word_1_362' title='bbox 382 2659 422 2696; x_wconf 82' lang='lat' dir='ltr'>P.</span> <span class='ocrx_word' id='word_1_363' title='bbox 452 2659 567 2709; x_wconf 78' lang='lat' dir='ltr'>Serry</span> <span class='ocrx_word' id='word_1_364' title='bbox 592 2659 635 2695; x_wconf 77' lang='lat' dir='ltr'>in</span> <span class='ocrx_word' id='word_1_365' title='bbox 664 2655 816 2693; x_wconf 76' lang='lat' dir='ltr'>Scholae</span> <span class='ocrx_word' id='word_1_366' title='bbox 838 2653 1090 2692; x_wconf 75' lang='lat' dir='ltr'>Thomis-ticae</span> <span class='ocrx_word' id='word_1_367' title='bbox 1114 2649 1318 2689; x_wconf 63' lang='lat' dir='ltr'>vindicata</span> 
     </span>
     <span class='ocr_line' id='line_1_49' title="bbox 219 2704 1318 2760; baseline -0.009 -10"><span class='ocrx_word' id='word_1_368' title='bbox 219 2711 413 2751; x_wconf 80' lang='lat' dir='ltr'>animadv.</span> <span class='ocrx_word' id='word_1_369' title='bbox 445 2711 507 2760; x_wconf 84' lang='lat'>57.</span> <span class='ocrx_word' id='word_1_370' title='bbox 538 2711 600 2760; x_wconf 78' lang='lat' dir='ltr'>(a)</span> <span class='ocrx_word' id='word_1_371' title='bbox 619 2737 629 2748; x_wconf 96' lang='lat'><strong>.</strong></span> <span class='ocrx_word' id='word_1_372' title='bbox 676 2710 764 2747; x_wconf 86' lang='lat' dir='ltr'>Jatn</span> <span class='ocrx_word' id='word_1_373' title='bbox 793 2721 882 2747; x_wconf 75' lang='lat' dir='ltr'>vero</span> <span class='ocrx_word' id='word_1_374' title='bbox 911 2704 1155 2759; x_wconf 82' lang='lat' dir='ltr'>quadruplici</span> <span class='ocrx_word' id='word_1_375' title='bbox 1182 2716 1226 2740; x_wconf 88' lang='lat' dir='ltr'>ex</span> <span class='ocrx_word' id='word_1_376' title='bbox 1253 2717 1318 2741; x_wconf 83' lang='lat' dir='ltr'>ca-</span> 
     </span>
     <span class='ocr_line' id='line_1_50' title="bbox 222 2755 1316 2818; baseline -0.01 -15"><span class='ocrx_word' id='word_1_377' title='bbox 222 2767 297 2818; x_wconf 81' lang='lat' dir='ltr'>pite</span> <span class='ocrx_word' id='word_1_378' title='bbox 326 2763 422 2802; x_wconf 84' lang='lat' dir='ltr'>hauc</span> <span class='ocrx_word' id='word_1_379' title='bbox 452 2762 611 2801; x_wconf 79' lang='lat' dir='ltr'>Motinae</span> <span class='ocrx_word' id='word_1_380' title='bbox 639 2763 835 2800; x_wconf 86' lang='lat' dir='ltr'>scientiam</span> <span class='ocrx_word' id='word_1_381' title='bbox 862 2761 1032 2799; x_wconf 78' lang='lat' dir='ltr'>mediam</span> <span class='ocrx_word' id='word_1_382' title='bbox 1073 2755 1316 2809; x_wconf 80' lang='lat' dir='ltr'>impugnabi-</span> 
     </span>
     <span class='ocr_line' id='line_1_51' title="bbox 221 2809 1319 2867; baseline -0.011 -10"><span class='ocrx_word' id='word_1_383' title='bbox 221 2831 309 2857; x_wconf 81' lang='lat' dir='ltr'>mus</span> <span class='ocrx_word' id='word_1_384' title='bbox 326 2847 336 2865; x_wconf 91' lang='lat'>,</span> <span class='ocrx_word' id='word_1_385' title='bbox 367 2815 510 2854; x_wconf 83' lang='lat' dir='ltr'>scilicet</span> <span class='ocrx_word' id='word_1_386' title='bbox 538 2817 662 2867; x_wconf 86' lang='lat' dir='ltr'>primo</span> <span class='ocrx_word' id='word_1_387' title='bbox 690 2828 734 2852; x_wconf 81' lang='lat' dir='ltr'>ex</span> <span class='ocrx_word' id='word_1_388' title='bbox 763 2815 876 2852; x_wconf 88' lang='lat' dir='ltr'>sacris</span> <span class='ocrx_word' id='word_1_389' title='bbox 905 2813 1066 2857; x_wconf 82' lang='lat' dir='ltr'>litteris3</span> <span class='ocrx_word' id='word_1_390' title='bbox 1112 2809 1246 2848; x_wconf 87' lang='lat' dir='ltr'>deinde</span> <span class='ocrx_word' id='word_1_391' title='bbox 1274 2821 1319 2845; x_wconf 82' lang='lat' dir='ltr'>ex</span> 
     </span>
     <span class='ocr_line' id='line_1_52' title="bbox 221 2864 1319 2921; baseline -0.009 -12"><span class='ocrx_word' id='word_1_392' title='bbox 221 2871 355 2909; x_wconf 85' lang='lat' dir='ltr'>Sancto</span> <span class='ocrx_word' id='word_1_393' title='bbox 384 2869 614 2921; x_wconf 79' lang='lat' dir='ltr'>Augustin03</span> <span class='ocrx_word' id='word_1_394' title='bbox 654 2869 761 2905; x_wconf 85' lang='lat' dir='ltr'>tertio</span> <span class='ocrx_word' id='word_1_395' title='bbox 796 2881 840 2904; x_wconf 83' lang='lat' dir='ltr'>ex</span> <span class='ocrx_word' id='word_1_396' title='bbox 868 2866 1007 2905; x_wconf 85' lang='lat' dir='ltr'>Sancto</span> <span class='ocrx_word' id='word_1_397' title='bbox 1036 2864 1212 2910; x_wconf 72' lang='lat' dir='ltr'>Thoma5</span> <span class='ocrx_word' id='word_1_398' title='bbox 1252 2875 1319 2917; x_wconf 84' lang='lat' dir='ltr'>po-</span> 
     </span>
     <span class='ocr_line' id='line_1_53' title="bbox 220 2919 942 2973; baseline -0.003 -12"><span class='ocrx_word' id='word_1_399' title='bbox 220 2933 358 2968; x_wconf 80' lang='lat' dir='ltr'>stremo</span> <span class='ocrx_word' id='word_1_400' title='bbox 385 2936 431 2962; x_wconf 76' lang='lat' dir='ltr'>ex</span> <span class='ocrx_word' id='word_1_401' title='bbox 460 2922 668 2962; x_wconf 66' lang='lat' dir='ltr'>rationibus</span> <span class='ocrx_word' id='word_1_402' title='bbox 697 2919 942 2973; x_wconf 79' lang='lat' dir='ltr'>theologicis.</span> 
     </span>
    </p>
   </div>
   <div class='ocr_carea' id='block_1_3' title="bbox 225 3073 1320 3212">
    <p class='ocr_par' dir='ltr' id='par_1_6' title="bbox 225 3073 1320 3212">
     <span class='ocr_line' id='line_1_54' title="bbox 277 3073 1318 3123; baseline -0.009 -10"><span class='ocrx_word' id='word_1_403' title='bbox 277 3080 324 3113; x_wconf 83' lang='lat' dir='ltr'>(a)</span> <span class='ocrx_word' id='word_1_404' title='bbox 354 3076 435 3109; x_wconf 83' lang='lat' dir='ltr'>Haec</span> <span class='ocrx_word' id='word_1_405' title='bbox 459 3076 611 3110; x_wconf 79' lang='lat' dir='ltr'>breviter</span> <span class='ocrx_word' id='word_1_406' title='bbox 634 3089 698 3123; x_wconf 86' lang='lat' dir='ltr'>pro</span> <span class='ocrx_word' id='word_1_407' title='bbox 721 3077 883 3110; x_wconf 78' lang='lat' dir='ltr'>instituto</span> <span class='ocrx_word' id='word_1_408' title='bbox 903 3083 1023 3109; x_wconf 73' lang='lat' dir='ltr'>nostro</span> <span class='ocrx_word' id='word_1_409' title='bbox 1060 3073 1318 3108; x_wconf 66' lang='lat' dir='ltr'>contraximus.</span> 
     </span>
     <span class='ocr_line' id='line_1_55' title="bbox 226 3120 1320 3165; baseline -0.001 -13"><span class='ocrx_word' id='word_1_410' title='bbox 226 3122 262 3153; x_wconf 90' lang='lat' dir='ltr'>Si</span> <span class='ocrx_word' id='word_1_411' title='bbox 287 3121 363 3164; x_wconf 85' lang='lat' dir='ltr'>quis</span> <span class='ocrx_word' id='word_1_412' title='bbox 390 3123 487 3165; x_wconf 81' lang='lat' dir='ltr'>plura</span> <span class='ocrx_word' id='word_1_413' title='bbox 512 3122 707 3164; x_wconf 80' lang='lat' dir='ltr'>desiderat,</span> <span class='ocrx_word' id='word_1_414' title='bbox 733 3122 830 3156; x_wconf 77' lang='lat' dir='ltr'>adeat</span> <span class='ocrx_word' id='word_1_415' title='bbox 857 3124 948 3155; x_wconf 85' lang='lat' dir='ltr'>inter</span> <span class='ocrx_word' id='word_1_416' title='bbox 974 3122 1058 3155; x_wconf 84' lang='lat' dir='ltr'>alios</span> <span class='ocrx_word' id='word_1_417' title='bbox 1086 3122 1120 3154; x_wconf 87' lang='lat' dir='ltr'>P.</span> <span class='ocrx_word' id='word_1_418' title='bbox 1149 3120 1320 3153; x_wconf 76' lang='lat' dir='ltr'>Thomam</span> 
     </span>
     <span class='ocr_line' id='line_1_56' title="bbox 225 3165 1320 3212; baseline -0.003 -13"><span class='ocrx_word' id='word_1_419' title='bbox 225 3165 267 3199; x_wconf 81' lang='lat' dir='ltr'>de</span> <span class='ocrx_word' id='word_1_420' title='bbox 294 3168 415 3199; x_wconf 81' lang='lat' dir='ltr'>Lemos</span> <span class='ocrx_word' id='word_1_421' title='bbox 441 3168 475 3198; x_wconf 87' lang='lat' dir='ltr'>in</span> <span class='ocrx_word' id='word_1_422' title='bbox 500 3167 661 3211; x_wconf 73' lang='lat' dir='ltr'>Panoplia</span> <span class='ocrx_word' id='word_1_423' title='bbox 686 3174 802 3212; x_wconf 74' lang='lat' dir='ltr'>gratia</span> <span class='ocrx_word' id='word_1_424' title='bbox 828 3170 937 3202; x_wconf 82' lang='lat' dir='ltr'>&#39;I&#39;omo</span> <span class='ocrx_word' id='word_1_425' title='bbox 963 3170 988 3201; x_wconf 90' lang='lat' dir='ltr'>l.</span> <span class='ocrx_word' id='word_1_426' title='bbox 1014 3168 1049 3200; x_wconf 89' lang='lat' dir='ltr'>P.</span> <span class='ocrx_word' id='word_1_427' title='bbox 1075 3169 1118 3200; x_wconf 84' lang='grc' dir='ltr'>Π.</span> <span class='ocrx_word' id='word_1_428' title='bbox 1158 3173 1260 3200; x_wconf 81' lang='lat' dir='ltr'>tract.</span> <span class='ocrx_word' id='word_1_429' title='bbox 1289 3165 1320 3198; x_wconf 89' lang='lat'>5.</span> 
     </span>
    </p>
   </div>
   <div class='ocr_carea' id='block_1_4' title="bbox 227 3214 1320 3302">
    <p class='ocr_par' dir='ltr' id='par_1_7' title="bbox 227 3214 1320 3302">
     <span class='ocr_line' id='line_1_57' title="bbox 227 3214 1320 3262; baseline -0.002 -18"><span class='ocrx_word' id='word_1_430' title='bbox 227 3224 352 3260; x_wconf 50' lang='grc' dir='ltr'>φημι.</span> <span class='ocrx_word' id='word_1_431' title='bbox 369 3234 378 3251; x_wconf 82' lang='grc'>,</span> <span class='ocrx_word' id='word_1_432' title='bbox 401 3214 483 3262; x_wconf 73' lang='lat' dir='ltr'>Car.</span> <span class='ocrx_word' id='word_1_433' title='bbox 502 3214 650 3246; x_wconf 73' lang='lat' dir='ltr'>W‘itasse</span> <span class='ocrx_word' id='word_1_434' title='bbox 670 3215 769 3247; x_wconf 75' lang='lat' dir='ltr'>Tem.</span> <span class='ocrx_word' id='word_1_435' title='bbox 790 3217 814 3247; x_wconf 88' lang='lat'>1.</span> <span class='ocrx_word' id='word_1_436' title='bbox 840 3217 883 3248; x_wconf 78' lang='lat' dir='ltr'>de</span> <span class='ocrx_word' id='word_1_437' title='bbox 909 3215 986 3251; x_wconf 80' lang='lat' dir='ltr'>Deo</span> <span class='ocrx_word' id='word_1_438' title='bbox 1009 3223 1134 3258; x_wconf 82' lang='lat' dir='ltr'>quaest.</span> <span class='ocrx_word' id='word_1_439' title='bbox 1159 3224 1212 3245; x_wconf 79' lang='lat'>12.</span> <span class='ocrx_word' id='word_1_440' title='bbox 1236 3219 1320 3244; x_wconf 78' lang='lat' dir='ltr'>sect.</span> 
     </span>
     <span class='ocr_line' id='line_1_58' title="bbox 227 3252 1320 3302; baseline 0 -13"><span class='ocrx_word' id='word_1_441' title='bbox 227 3252 262 3291; x_wconf 53' lang='grc' dir='ltr'>ᾖ.</span> <span class='ocrx_word' id='word_1_442' title='bbox 289 3262 320 3289; x_wconf 70' lang='grc' dir='ltr'>ἃ</span> <span class='ocrx_word' id='word_1_443' title='bbox 346 3255 379 3289; x_wconf 54' lang='grc' dir='ltr'>Β</span> <span class='ocrx_word' id='word_1_444' title='bbox 406 3257 560 3290; x_wconf 73' lang='lat' dir='ltr'>Butam-d</span> <span class='ocrx_word' id='word_1_445' title='bbox 588 3259 687 3290; x_wconf 83' lang='lat' dir='ltr'>Tom.</span> <span class='ocrx_word' id='word_1_446' title='bbox 717 3261 740 3291; x_wconf 86' lang='lat' dir='ltr'>l.</span> <span class='ocrx_word' id='word_1_447' title='bbox 765 3260 900 3293; x_wconf 77' lang='lat' dir='ltr'>dissert.</span> <span class='ocrx_word' id='word_1_448' title='bbox 929 3262 961 3293; x_wconf 81' lang='grc'>6.</span> <span class='ocrx_word' id='word_1_449' title='bbox 988 3269 1054 3292; x_wconf 83' lang='lat' dir='ltr'>art.</span> <span class='ocrx_word' id='word_1_450' title='bbox 1080 3260 1112 3292; x_wconf 86' lang='grc'>6.</span> <span class='ocrx_word' id='word_1_451' title='bbox 1136 3263 1171 3302; x_wconf 56' lang='lat'>35.</span> <span class='ocrx_word' id='word_1_452' title='bbox 1199 3270 1229 3290; x_wconf 82' lang='lat'>2.</span> <span class='ocrx_word' id='word_1_453' title='bbox 1261 3257 1320 3290; x_wconf 83' lang='lat' dir='ltr'>ubi</span> 
     </span>
    </p>
   </div>
   <div class='ocr_carea' id='block_1_5' title="bbox 226 3304 1322 3388">
    <p class='ocr_par' dir='ltr' id='par_1_8' title="bbox 226 3304 1322 3388">
     <span class='ocr_line' id='line_1_59' title="bbox 227 3304 1322 3344; baseline -0.001 -8"><span class='ocrx_word' id='word_1_454' title='bbox 227 3304 356 3336; x_wconf 83' lang='lat' dir='ltr'>multas</span> <span class='ocrx_word' id='word_1_455' title='bbox 378 3304 575 3336; x_wconf 59' lang='lat' dir='ltr'>&gt;T0urnelh&#39;i</span> <span class='ocrx_word' id='word_1_456' title='bbox 610 3304 736 3336; x_wconf 66' lang='lat' dir='ltr'>larvati</span> <span class='ocrx_word' id='word_1_457' title='bbox 762 3305 947 3337; x_wconf 77' lang='lat' dir='ltr'>Molinistae</span> <span class='ocrx_word' id='word_1_458' title='bbox 985 3306 1247 3344; x_wconf 73' lang='lat' dir='ltr'>:thei-rationes,</span> <span class='ocrx_word' id='word_1_459' title='bbox 1291 3306 1322 3335; x_wconf 86' lang='lat'><strong>&amp;</strong></span> 
     </span>
     <span class='ocr_line' id='line_1_60' title="bbox 226 3348 1102 3388; baseline 0.002 -8"><span class='ocrx_word' id='word_1_460' title='bbox 226 3348 519 3385; x_wconf 61' lang='lat' dir='ltr'>dissimulationes</span> <span class='ocrx_word' id='word_1_461' title='bbox 542 3349 628 3384; x_wconf 81' lang='lat' dir='ltr'>bene</span> <span class='ocrx_word' id='word_1_462' title='bbox 655 3349 808 3388; x_wconf 67' lang='lat' dir='ltr'>notavit,</span> <span class='ocrx_word' id='word_1_463' title='bbox 833 3353 863 3383; x_wconf 78' lang='lat'>8&lt;</span> <span class='ocrx_word' id='word_1_464' title='bbox 888 3349 1102 3384; x_wconf 78' lang='lat' dir='ltr'>emendavit.</span> 
     </span>
    </p>
   </div>
   <div class='ocr_carea' id='block_1_6' title="bbox 965 133 1751 183">
    <p class='ocr_par' dir='ltr' id='par_1_9' title="bbox 965 133 1751 183">
     <span class='ocr_line' id='line_1_61' title="bbox 965 133 1751 183; baseline -0.01 0"><span class='ocrx_word' id='word_1_465' title='bbox 965 135 1365 183; x_wconf 81' lang='lat' dir='ltr'>DISSERTATIO</span> <span class='ocrx_word' id='word_1_466' title='bbox 1389 136 1468 181; x_wconf 88' lang='lat' dir='ltr'>IV.</span> <span class='ocrx_word' id='word_1_467' title='bbox 1501 133 1629 180; x_wconf 86' lang='lat' dir='ltr'>CAP.</span> <span class='ocrx_word' id='word_1_468' title='bbox 1652 133 1710 178; x_wconf 90' lang='lat' dir='ltr'>X.</span> <span class='ocrx_word' id='word_1_469' title='bbox 1748 148 1751 150; x_wconf 89' lang='lat'>·</span> 
     </span>
    </p>
   </div>
   <div class='ocr_carea' id='block_1_7' title="bbox 1753 262 2115 312">
    <p class='ocr_par' dir='ltr' id='par_1_10' title="bbox 1753 262 2115 312">
     <span class='ocr_line' id='line_1_62' title="bbox 1753 262 2115 312; baseline 0.011 -10"><span class='ocrx_word' id='word_1_470' title='bbox 1753 262 2054 312; x_wconf 81' lang='lat' dir='ltr'>PROPOSITIO</span> <span class='ocrx_word' id='word_1_471' title='bbox 2083 270 2115 306; x_wconf 90' lang='lat' dir='ltr'>I.</span> 
     </span>
    </p>
   </div>
   <div class='ocr_carea' id='block_1_8' title="bbox 1387 367 2471 477">
    <p class='ocr_par' dir='ltr' id='par_1_11' title="bbox 1387 367 2471 477">
     <span class='ocr_line' id='line_1_63' title="bbox 1387 367 2471 425; baseline -0.001 -11"><span class='ocrx_word' id='word_1_472' title='bbox 1387 373 1564 414; x_wconf 80' lang='lat' dir='ltr'>Scientia</span> <span class='ocrx_word' id='word_1_473' title='bbox 1592 368 1727 409; x_wconf 77' lang='lat' dir='ltr'>media</span> <span class='ocrx_word' id='word_1_474' title='bbox 1756 379 1914 422; x_wconf 80' lang='lat' dir='ltr'>sumpta</span> <span class='ocrx_word' id='word_1_475' title='bbox 1944 367 1985 409; x_wconf 83' lang='grc' dir='ltr'><strong><em>ἱή</em></strong></span> <span class='ocrx_word' id='word_1_476' title='bbox 2011 372 2150 411; x_wconf 77' lang='lat' dir='ltr'>ordine</span> <span class='ocrx_word' id='word_1_477' title='bbox 2178 374 2471 425; x_wconf 67' lang='lat' dir='ltr'>supernaturali</span> 
     </span>
     <span class='ocr_line' id='line_1_64' title="bbox 1572 425 2289 477; baseline 0.003 -14"><span class='ocrx_word' id='word_1_478' title='bbox 1572 425 1721 463; x_wconf 62' lang='lat' dir='ltr'>videtur·</span> <span class='ocrx_word' id='word_1_479' title='bbox 1748 428 1876 464; x_wconf 80' lang='lat' dir='ltr'>sacris</span> <span class='ocrx_word' id='word_1_480' title='bbox 1905 426 2027 464; x_wconf 76' lang='lat' dir='ltr'>literis</span> <span class='ocrx_word' id='word_1_481' title='bbox 2042 430 2262 477; x_wconf 34' lang='lat' dir='ltr'>,centraria</span> <span class='ocrx_word' id='word_1_482' title='bbox 2278 454 2289 468; x_wconf 93' lang='lat'><strong>.</strong></span> 
     </span>
    </p>
   </div>
   <div class='ocr_carea' id='block_1_9' title="bbox 1373 509 2538 3003">
    <p class='ocr_par' dir='ltr' id='par_1_12' title="bbox 1373 509 2538 1798">
     <span class='ocr_line' id='line_1_65' title="bbox 1434 509 2486 584; baseline 0.003 -13"><span class='ocrx_word' id='word_1_483' title='bbox 1434 533 1521 584; x_wconf 76' lang='lat'>169.</span> <span class='ocrx_word' id='word_1_484' title='bbox 1541 509 1672 575; x_wconf 80' lang='lat' dir='ltr'>Nam</span> <span class='ocrx_word' id='word_1_485' title='bbox 1703 529 1901 583; x_wconf 84' lang='lat' dir='ltr'>Apostolus</span> <span class='ocrx_word' id='word_1_486' title='bbox 1930 529 2068 571; x_wconf 83' lang='lat' dir='ltr'>Paulus</span> <span class='ocrx_word' id='word_1_487' title='bbox 2093 543 2126 571; x_wconf 82' lang='lat'>1.</span> <span class='ocrx_word' id='word_1_488' title='bbox 2156 534 2204 572; x_wconf 85' lang='lat' dir='ltr'>ad</span> <span class='ocrx_word' id='word_1_489' title='bbox 2223 532 2394 573; x_wconf 79' lang='lat' dir='ltr'>Corinth.</span> <span class='ocrx_word' id='word_1_490' title='bbox 2415 537 2486 574; x_wconf 84' lang='lat' dir='ltr'>IV.</span> 
     </span>
     <span class='ocr_line' id='line_1_66' title="bbox 1375 584 2485 639; baseline 0.003 -16"><span class='ocrx_word' id='word_1_491' title='bbox 1375 586 1413 623; x_wconf 85' lang='grc'>6.</span> <span class='ocrx_word' id='word_1_492' title='bbox 1439 584 1724 622; x_wconf 70' lang='lat' dir='ltr'>‘Corinthiorum</span> <span class='ocrx_word' id='word_1_493' title='bbox 1754 584 1953 622; x_wconf 84' lang='lat' dir='ltr'>elationem</span> <span class='ocrx_word' id='word_1_494' title='bbox 1977 598 2220 639; x_wconf 82' lang='lat' dir='ltr'>compescens</span> <span class='ocrx_word' id='word_1_495' title='bbox 2248 589 2322 625; x_wconf 88' lang='lat' dir='ltr'>ait:</span> <span class='ocrx_word' id='word_1_496' title='bbox 2351 600 2402 625; x_wconf 85' lang='lat' dir='ltr'>ne</span> <span class='ocrx_word' id='word_1_497' title='bbox 2421 602 2485 626; x_wconf 81' lang='lat' dir='ltr'>su-</span> 
     </span>
     <span class='ocr_line' id='line_1_67' title="bbox 1373 639 2486 688; baseline 0.005 -16"><span class='ocrx_word' id='word_1_498' title='bbox 1373 651 1447 688; x_wconf 81' lang='lat' dir='ltr'>pra</span> <span class='ocrx_word' id='word_1_499' title='bbox 1476 651 1598 687; x_wconf 75' lang='lat' dir='ltr'>quam</span> <span class='ocrx_word' id='word_1_500' title='bbox 1626 640 1812 687; x_wconf 71' lang='lat' dir='ltr'>scriptum</span> <span class='ocrx_word' id='word_1_501' title='bbox 1842 647 1927 685; x_wconf 77' lang='lat' dir='ltr'>est,</span> <span class='ocrx_word' id='word_1_502' title='bbox 1968 651 2067 675; x_wconf 81' lang='lat' dir='ltr'>unus</span> <span class='ocrx_word' id='word_1_503' title='bbox 2095 639 2285 677; x_wconf 56' lang='lat' dir='ltr'>aduersus</span> <span class='ocrx_word' id='word_1_504' title='bbox 2315 640 2486 678; x_wconf 83' lang='lat' dir='ltr'>alterum</span> 
     </span>
     <span class='ocr_line' id='line_1_68' title="bbox 1375 690 2488 745; baseline 0.004 -17"><span class='ocrx_word' id='word_1_505' title='bbox 1375 691 1536 743; x_wconf 81' lang='lat' dir='ltr'>infletur</span> <span class='ocrx_word' id='word_1_506' title='bbox 1564 703 1647 741; x_wconf 80' lang='lat' dir='ltr'>prce</span> <span class='ocrx_word' id='word_1_507' title='bbox 1676 690 1783 727; x_wconf 86' lang='lat' dir='ltr'>alio.</span> <span class='ocrx_word' id='word_1_508' title='bbox 1817 690 1913 739; x_wconf 78' lang='lat' dir='ltr'>Quis</span> <span class='ocrx_word' id='word_1_509' title='bbox 1943 695 2050 728; x_wconf 77' lang='lat' dir='ltr'>enim</span> <span class='ocrx_word' id='word_1_510' title='bbox 2080 701 2118 730; x_wconf 80' lang='lat' dir='ltr'>te</span> <span class='ocrx_word' id='word_1_511' title='bbox 2146 692 2369 731; x_wconf 74' lang='lat' dir='ltr'>discernit?</span> <span class='ocrx_word' id='word_1_512' title='bbox 2396 693 2488 745; x_wconf 80' lang='lat' dir='ltr'>quid</span> 
     </span>
     <span class='ocr_line' id='line_1_69' title="bbox 1374 743 2538 800; baseline 0.005 -20"><span class='ocrx_word' id='word_1_513' title='bbox 1374 743 1520 792; x_wconf 73' lang='lat' dir='ltr'>habes,</span> <span class='ocrx_word' id='word_1_514' title='bbox 1548 743 1650 794; x_wconf 76' lang='lat' dir='ltr'>quod</span> <span class='ocrx_word' id='word_1_515' title='bbox 1678 756 1760 781; x_wconf 74' lang='lat' dir='ltr'>non</span> <span class='ocrx_word' id='word_1_516' title='bbox 1788 743 2010 794; x_wconf 80' lang='lat' dir='ltr'>accepisti?</span> <span class='ocrx_word' id='word_1_517' title='bbox 2037 744 2079 782; x_wconf 84' lang='lat' dir='ltr'>Si</span> <span class='ocrx_word' id='word_1_518' title='bbox 2107 753 2243 784; x_wconf 77' lang='lat' dir='ltr'>a&#39;utem</span> <span class='ocrx_word' id='word_1_519' title='bbox 2273 751 2484 800; x_wconf 80' lang='lat' dir='ltr'>accepisti,</span> <span class='ocrx_word' id='word_1_520' title='bbox 2533 762 2538 765; x_wconf 87' lang='lat'>·</span> 
     </span>
     <span class='ocr_line' id='line_1_70' title="bbox 1375 797 2487 850; baseline 0.004 -16"><span class='ocrx_word' id='word_1_521' title='bbox 1375 797 1466 848; x_wconf 72' lang='lat' dir='ltr'>quid</span> <span class='ocrx_word' id='word_1_522' title='bbox 1493 797 1704 847; x_wconf 79' lang='lat' dir='ltr'>gloriaris,</span> <span class='ocrx_word' id='word_1_523' title='bbox 1746 800 1860 847; x_wconf 78' lang='lat' dir='ltr'>quasi</span> <span class='ocrx_word' id='word_1_524' title='bbox 1888 809 1969 832; x_wconf 86' lang='lat' dir='ltr'>non</span> <span class='ocrx_word' id='word_1_525' title='bbox 1998 802 2200 850; x_wconf 80' lang='lat' dir='ltr'>acceperis</span> <span class='ocrx_word' id='word_1_526' title='bbox 2217 798 2240 834; x_wconf 86' lang='lat'><em>?</em></span> <span class='ocrx_word' id='word_1_527' title='bbox 2288 800 2390 839; x_wconf 86' lang='lat' dir='ltr'>Huic</span> <span class='ocrx_word' id='word_1_528' title='bbox 2419 815 2487 839; x_wconf 78' lang='lat' dir='ltr'>au-</span> 
     </span>
     <span class='ocr_line' id='line_1_71' title="bbox 1376 849 2489 911; baseline 0.002 -23"><span class='ocrx_word' id='word_1_529' title='bbox 1376 861 1452 888; x_wconf 87' lang='lat' dir='ltr'>tem</span> <span class='ocrx_word' id='word_1_530' title='bbox 1482 849 1698 911; x_wconf 70' lang='lat' dir='ltr'>apostolicae</span> <span class='ocrx_word' id='word_1_531' title='bbox 1728 850 1918 887; x_wconf 75' lang='lat' dir='ltr'>sententiae</span> <span class='ocrx_word' id='word_1_532' title='bbox 1939 851 2136 888; x_wconf 83' lang='lat' dir='ltr'>scientiam</span> <span class='ocrx_word' id='word_1_533' title='bbox 2157 851 2324 889; x_wconf 86' lang='lat' dir='ltr'>mediam</span> <span class='ocrx_word' id='word_1_534' title='bbox 2354 853 2489 891; x_wconf 78' lang='lat' dir='ltr'>adver-</span> 
     </span>
     <span class='ocr_line' id='line_1_72' title="bbox 1378 902 2490 956; baseline 0.002 -15"><span class='ocrx_word' id='word_1_535' title='bbox 1378 906 1474 951; x_wconf 84' lang='lat' dir='ltr'>sari,</span> <span class='ocrx_word' id='word_1_536' title='bbox 1501 911 1553 941; x_wconf 72' lang='lat' dir='ltr'>ita</span> <span class='ocrx_word' id='word_1_537' title='bbox 1581 903 1857 940; x_wconf 83' lang='lat' dir='ltr'>demonstratur</span> <span class='ocrx_word' id='word_1_538' title='bbox 1875 929 1885 940; x_wconf 94' lang='lat'><strong>.</strong></span> <span class='ocrx_word' id='word_1_539' title='bbox 1916 904 1958 940; x_wconf 85' lang='lat' dir='ltr'>In</span> <span class='ocrx_word' id='word_1_540' title='bbox 1979 902 2141 941; x_wconf 71' lang='lat' dir='ltr'>Motinae</span> <span class='ocrx_word' id='word_1_541' title='bbox 2171 913 2369 956; x_wconf 82' lang='lat' dir='ltr'>systemate</span> <span class='ocrx_word' id='word_1_542' title='bbox 2387 905 2490 943; x_wconf 84' lang='lat' dir='ltr'>Deus</span> 
     </span>
     <span class='ocr_line' id='line_1_73' title="bbox 1377 956 2488 1010; baseline 0.003 -17"><span class='ocrx_word' id='word_1_543' title='bbox 1377 966 1429 994; x_wconf 80' lang='lat' dir='ltr'>est</span> <span class='ocrx_word' id='word_1_544' title='bbox 1458 957 1581 1008; x_wconf 84' lang='lat' dir='ltr'>potius</span> <span class='ocrx_word' id='word_1_545' title='bbox 1610 964 1821 994; x_wconf 85' lang='lat' dir='ltr'>nostrorum</span> <span class='ocrx_word' id='word_1_546' title='bbox 1852 956 2037 993; x_wconf 84' lang='lat' dir='ltr'>bonorum</span> <span class='ocrx_word' id='word_1_547' title='bbox 2067 968 2228 1008; x_wconf 81' lang='lat' dir='ltr'>operum</span> <span class='ocrx_word' id='word_1_548' title='bbox 2249 957 2488 1010; x_wconf 81' lang='lat' dir='ltr'>speculator,</span> 
     </span>
     <span class='ocr_line' id='line_1_74' title="bbox 1378 1008 2488 1061; baseline 0.003 -16"><span class='ocrx_word' id='word_1_549' title='bbox 1378 1009 1411 1045; x_wconf 86' lang='lat'>&amp;</span> <span class='ocrx_word' id='word_1_550' title='bbox 1439 1008 1711 1061; x_wconf 81' lang='lat' dir='ltr'>contemplator</span> <span class='ocrx_word' id='word_1_551' title='bbox 1726 1039 1737 1057; x_wconf 90' lang='lat'>,</span> <span class='ocrx_word' id='word_1_552' title='bbox 1766 1023 1882 1060; x_wconf 85' lang='lat' dir='ltr'>quam</span> <span class='ocrx_word' id='word_1_553' title='bbox 1906 1010 2056 1060; x_wconf 85' lang='lat' dir='ltr'>proprie</span> <span class='ocrx_word' id='word_1_554' title='bbox 2076 1009 2254 1058; x_wconf 61' lang='lat' dir='ltr'>effector,</span> <span class='ocrx_word' id='word_1_555' title='bbox 2285 1010 2319 1046; x_wconf 72' lang='grc' dir='ltr'>ἃ</span> <span class='ocrx_word' id='word_1_556' title='bbox 2335 1019 2488 1049; x_wconf 88' lang='lat' dir='ltr'>auctor.</span> 
     </span>
     <span class='ocr_line' id='line_1_75' title="bbox 1377 1061 2491 1113; baseline 0 -12"><span class='ocrx_word' id='word_1_557' title='bbox 1377 1063 1553 1101; x_wconf 76' lang='lat' dir='ltr'>Gratiam</span> <span class='ocrx_word' id='word_1_558' title='bbox 1583 1076 1690 1099; x_wconf 88' lang='lat' dir='ltr'>suam</span> <span class='ocrx_word' id='word_1_559' title='bbox 1721 1061 1933 1100; x_wconf 80' lang='lat' dir='ltr'>versatilem</span> <span class='ocrx_word' id='word_1_560' title='bbox 1965 1062 2174 1113; x_wconf 80' lang='lat' dir='ltr'>uuicuique</span> <span class='ocrx_word' id='word_1_561' title='bbox 2189 1063 2343 1102; x_wconf 82' lang='lat' dir='ltr'>exhibet</span> <span class='ocrx_word' id='word_1_562' title='bbox 2373 1064 2491 1102; x_wconf 77' lang='lat' dir='ltr'>indif-</span> 
     </span>
     <span class='ocr_line' id='line_1_76' title="bbox 1377 1113 2489 1167; baseline 0.003 -15"><span class='ocrx_word' id='word_1_563' title='bbox 1377 1117 1563 1161; x_wconf 83' lang='lat' dir='ltr'>ferenter3</span> <span class='ocrx_word' id='word_1_564' title='bbox 1594 1116 1729 1152; x_wconf 85' lang='lat' dir='ltr'>deiude</span> <span class='ocrx_word' id='word_1_565' title='bbox 1758 1113 1957 1166; x_wconf 79' lang='lat' dir='ltr'>explorat,</span> <span class='ocrx_word' id='word_1_566' title='bbox 1993 1116 2172 1167; x_wconf 72' lang='lat' dir='ltr'>quisnam</span> <span class='ocrx_word' id='word_1_567' title='bbox 2202 1131 2244 1153; x_wconf 82' lang='lat' dir='ltr'>ea</span> <span class='ocrx_word' id='word_1_568' title='bbox 2275 1117 2369 1154; x_wconf 85' lang='lat' dir='ltr'>bene</span> <span class='ocrx_word' id='word_1_569' title='bbox 2399 1131 2489 1155; x_wconf 83' lang='lat' dir='ltr'>usu-</span> 
     </span>
     <span class='ocr_line' id='line_1_77' title="bbox 1377 1168 2489 1222; baseline 0.002 -16"><span class='ocrx_word' id='word_1_570' title='bbox 1377 1183 1442 1206; x_wconf 81' lang='lat' dir='ltr'>rus</span> <span class='ocrx_word' id='word_1_571' title='bbox 1470 1170 1542 1216; x_wconf 87' lang='lat' dir='ltr'>sit,</span> <span class='ocrx_word' id='word_1_572' title='bbox 1571 1168 1605 1204; x_wconf 70' lang='grc' dir='ltr'><strong>ἃ</strong></span> <span class='ocrx_word' id='word_1_573' title='bbox 1625 1169 1801 1219; x_wconf 86' lang='lat' dir='ltr'>quisnam</span> <span class='ocrx_word' id='word_1_574' title='bbox 1823 1168 1949 1213; x_wconf 80' lang='lat' dir='ltr'>male;</span> <span class='ocrx_word' id='word_1_575' title='bbox 1980 1168 2137 1219; x_wconf 86' lang='lat' dir='ltr'>perinde</span> <span class='ocrx_word' id='word_1_576' title='bbox 2151 1182 2195 1206; x_wconf 90' lang='lat' dir='ltr'>ac</span> <span class='ocrx_word' id='word_1_577' title='bbox 2211 1170 2242 1206; x_wconf 86' lang='lat' dir='ltr'>si</span> <span class='ocrx_word' id='word_1_578' title='bbox 2258 1168 2359 1217; x_wconf 84' lang='lat' dir='ltr'>Rex,</span> <span class='ocrx_word' id='word_1_579' title='bbox 2390 1179 2489 1222; x_wconf 85' lang='lat' dir='ltr'>post-</span> 
     </span>
     <span class='ocr_line' id='line_1_78' title="bbox 1377 1219 2487 1274; baseline 0.002 -15"><span class='ocrx_word' id='word_1_580' title='bbox 1377 1236 1495 1274; x_wconf 80' lang='lat' dir='ltr'>quam</span> <span class='ocrx_word' id='word_1_581' title='bbox 1524 1222 1639 1259; x_wconf 83' lang='lat' dir='ltr'>armis</span> <span class='ocrx_word' id='word_1_582' title='bbox 1667 1234 1795 1258; x_wconf 84' lang='lat' dir='ltr'>omues</span> <span class='ocrx_word' id='word_1_583' title='bbox 1824 1219 1965 1258; x_wconf 81' lang='lat' dir='ltr'>milites</span> <span class='ocrx_word' id='word_1_584' title='bbox 1986 1221 2189 1269; x_wconf 84' lang='lat' dir='ltr'>instruxit,</span> <span class='ocrx_word' id='word_1_585' title='bbox 2218 1235 2264 1259; x_wconf 84' lang='lat' dir='ltr'>ex</span> <span class='ocrx_word' id='word_1_586' title='bbox 2293 1221 2369 1261; x_wconf 74' lang='lat' dir='ltr'>alta</span> <span class='ocrx_word' id='word_1_587' title='bbox 2390 1224 2487 1262; x_wconf 84' lang='lat' dir='ltr'>turri</span> 
     </span>
     <span class='ocr_line' id='line_1_79' title="bbox 1377 1274 2487 1327; baseline 0.002 -15"><span class='ocrx_word' id='word_1_588' title='bbox 1377 1276 1609 1327; x_wconf 84' lang='lat' dir='ltr'>prospiciat,</span> <span class='ocrx_word' id='word_1_589' title='bbox 1651 1275 1827 1325; x_wconf 79' lang='lat' dir='ltr'>quisnam</span> <span class='ocrx_word' id='word_1_590' title='bbox 1856 1274 1903 1310; x_wconf 86' lang='lat' dir='ltr'>iis</span> <span class='ocrx_word' id='word_1_591' title='bbox 1931 1281 2079 1310; x_wconf 86' lang='lat' dir='ltr'>strenue</span> <span class='ocrx_word' id='word_1_592' title='bbox 2121 1275 2299 1313; x_wconf 86' lang='lat' dir='ltr'>adversus</span> <span class='ocrx_word' id='word_1_593' title='bbox 2341 1274 2487 1314; x_wconf 82' lang='lat' dir='ltr'>hostem</span> 
     </span>
     <span class='ocr_line' id='line_1_80' title="bbox 1379 1326 2491 1378; baseline 0 -14"><span class='ocrx_word' id='word_1_594' title='bbox 1379 1336 1531 1375; x_wconf 76' lang='lat' dir='ltr'>utatur,</span> <span class='ocrx_word' id='word_1_595' title='bbox 1573 1327 1755 1378; x_wconf 85' lang='lat' dir='ltr'>quisnam</span> <span class='ocrx_word' id='word_1_596' title='bbox 1785 1326 1991 1376; x_wconf 83' lang='lat' dir='ltr'>ignaviter:</span> <span class='ocrx_word' id='word_1_597' title='bbox 2037 1326 2362 1378; x_wconf 84' lang='lat' dir='ltr'>quemadmodum</span> <span class='ocrx_word' id='word_1_598' title='bbox 2401 1340 2491 1378; x_wconf 81' lang='lat' dir='ltr'>ergo</span> 
     </span>
     <span class='ocr_line' id='line_1_81' title="bbox 1376 1377 2491 1430; baseline 0.001 -13"><span class='ocrx_word' id='word_1_599' title='bbox 1376 1380 1502 1418; x_wconf 81' lang='lat' dir='ltr'>bonus</span> <span class='ocrx_word' id='word_1_600' title='bbox 1531 1392 1725 1416; x_wconf 83' lang='lat' dir='ltr'>armorum</span> <span class='ocrx_word' id='word_1_601' title='bbox 1757 1392 1843 1416; x_wconf 87' lang='lat' dir='ltr'>usus</span> <span class='ocrx_word' id='word_1_602' title='bbox 1872 1392 1945 1417; x_wconf 85' lang='lat' dir='ltr'>nou</span> <span class='ocrx_word' id='word_1_603' title='bbox 1976 1377 2067 1429; x_wconf 68' lang='lat' dir='ltr'>Regi</span> <span class='ocrx_word' id='word_1_604' title='bbox 2085 1408 2096 1426; x_wconf 85' lang='lat'>,</span> <span class='ocrx_word' id='word_1_605' title='bbox 2138 1380 2206 1430; x_wconf 83' lang='lat' dir='ltr'>qui</span> <span class='ocrx_word' id='word_1_606' title='bbox 2235 1394 2279 1417; x_wconf 80' lang='lat' dir='ltr'>ea</span> <span class='ocrx_word' id='word_1_607' title='bbox 2306 1379 2491 1428; x_wconf 78' lang='lat' dir='ltr'>donavit,</span> 
     </span>
     <span class='ocr_line' id='line_1_82' title="bbox 1378 1431 2492 1484; baseline 0.001 -15"><span class='ocrx_word' id='word_1_608' title='bbox 1378 1434 1440 1470; x_wconf 87' lang='lat' dir='ltr'>sed</span> <span class='ocrx_word' id='word_1_609' title='bbox 1469 1431 1584 1469; x_wconf 82' lang='lat' dir='ltr'>militi</span> <span class='ocrx_word' id='word_1_610' title='bbox 1613 1431 1836 1469; x_wconf 77' lang='lat' dir='ltr'>tribuendus</span> <span class='ocrx_word' id='word_1_611' title='bbox 1863 1441 1937 1479; x_wconf 89' lang='lat' dir='ltr'>est,</span> <span class='ocrx_word' id='word_1_612' title='bbox 1966 1434 2018 1469; x_wconf 80' lang='lat' dir='ltr'>ita</span> <span class='ocrx_word' id='word_1_613' title='bbox 2047 1433 2086 1469; x_wconf 85' lang='lat' dir='ltr'>in</span> <span class='ocrx_word' id='word_1_614' title='bbox 2115 1431 2277 1470; x_wconf 78' lang='lat' dir='ltr'>Molinae</span> <span class='ocrx_word' id='word_1_615' title='bbox 2308 1441 2492 1484; x_wconf 81' lang='lat' dir='ltr'>systema·</span> 
     </span>
     <span class='ocr_line' id='line_1_83' title="bbox 1380 1484 2491 1535; baseline 0.001 -13"><span class='ocrx_word' id='word_1_616' title='bbox 1380 1494 1414 1522; x_wconf 83' lang='lat' dir='ltr'>te</span> <span class='ocrx_word' id='word_1_617' title='bbox 1443 1485 1564 1522; x_wconf 79' lang='lat' dir='ltr'>bonus</span> <span class='ocrx_word' id='word_1_618' title='bbox 1592 1485 1724 1535; x_wconf 71' lang='lat' dir='ltr'>gratias</span> <span class='ocrx_word' id='word_1_619' title='bbox 1754 1498 1841 1521; x_wconf 83' lang='lat' dir='ltr'>usus</span> <span class='ocrx_word' id='word_1_620' title='bbox 1870 1484 2035 1522; x_wconf 83' lang='lat' dir='ltr'>libertati</span> <span class='ocrx_word' id='word_1_621' title='bbox 2064 1484 2215 1523; x_wconf 80' lang='lat' dir='ltr'>arbitrii</span> <span class='ocrx_word' id='word_1_622' title='bbox 2260 1487 2371 1523; x_wconf 85' lang='lat' dir='ltr'>unice</span> <span class='ocrx_word' id='word_1_623' title='bbox 2399 1494 2491 1524; x_wconf 82' lang='lat' dir='ltr'>esset</span> 
     </span>
     <span class='ocr_line' id='line_1_84' title="bbox 1382 1536 2497 1590; baseline -0.004 -14"><span class='ocrx_word' id='word_1_624' title='bbox 1382 1538 1679 1583; x_wconf 71' lang='lat' dir='ltr'>adscribendus5</span> <span class='ocrx_word' id='word_1_625' title='bbox 1726 1551 1769 1574; x_wconf 87' lang='lat' dir='ltr'>ae</span> <span class='ocrx_word' id='word_1_626' title='bbox 1799 1538 1955 1588; x_wconf 79' lang='lat' dir='ltr'>proinde</span> <span class='ocrx_word' id='word_1_627' title='bbox 1986 1537 2098 1574; x_wconf 89' lang='lat' dir='ltr'>homo</span> <span class='ocrx_word' id='word_1_628' title='bbox 2127 1536 2275 1590; x_wconf 77' lang='lat' dir='ltr'>aliquid</span> <span class='ocrx_word' id='word_1_629' title='bbox 2306 1538 2463 1576; x_wconf 84' lang='lat' dir='ltr'>haberet</span> <span class='ocrx_word' id='word_1_630' title='bbox 2479 1568 2497 1586; x_wconf 77' lang='lat'><em>„</em></span> 
     </span>
     <span class='ocr_line' id='line_1_85' title="bbox 1380 1590 2491 1644; baseline 0 -17"><span class='ocrx_word' id='word_1_631' title='bbox 1380 1592 1483 1644; x_wconf 90' lang='lat' dir='ltr'>quod</span> <span class='ocrx_word' id='word_1_632' title='bbox 1504 1591 1622 1629; x_wconf 87' lang='lat' dir='ltr'>aDeo</span> <span class='ocrx_word' id='word_1_633' title='bbox 1651 1603 1722 1628; x_wconf 86' lang='lat' dir='ltr'>non</span> <span class='ocrx_word' id='word_1_634' title='bbox 1751 1591 1922 1642; x_wconf 86' lang='lat' dir='ltr'>accepit.</span> <span class='ocrx_word' id='word_1_635' title='bbox 1955 1590 2050 1627; x_wconf 79' lang='lat' dir='ltr'>Haec</span> <span class='ocrx_word' id='word_1_636' title='bbox 2078 1600 2203 1641; x_wconf 85' lang='lat' dir='ltr'>patent</span> <span class='ocrx_word' id='word_1_637' title='bbox 2232 1605 2277 1628; x_wconf 74' lang='lat' dir='ltr'>ex</span> <span class='ocrx_word' id='word_1_638' title='bbox 2300 1592 2380 1641; x_wconf 82' lang='lat' dir='ltr'>ipsa</span> <span class='ocrx_word' id='word_1_639' title='bbox 2400 1604 2491 1628; x_wconf 76' lang='lat' dir='ltr'>con-</span> 
     </span>
     <span class='ocr_line' id='line_1_86' title="bbox 1382 1642 2490 1695; baseline 0 -14"><span class='ocrx_word' id='word_1_640' title='bbox 1382 1645 1541 1683; x_wconf 83' lang='lat' dir='ltr'>fessione</span> <span class='ocrx_word' id='word_1_641' title='bbox 1570 1643 1731 1682; x_wconf 85' lang='lat' dir='ltr'>Moliuae</span> <span class='ocrx_word' id='word_1_642' title='bbox 1761 1657 1875 1695; x_wconf 86' lang='lat' dir='ltr'>supra</span> <span class='ocrx_word' id='word_1_643' title='bbox 1905 1657 1941 1680; x_wconf 89' lang='lat' dir='ltr'>n.</span> <span class='ocrx_word' id='word_1_644' title='bbox 1974 1642 2063 1681; x_wconf 72' lang='lat'>163.</span> <span class='ocrx_word' id='word_1_645' title='bbox 2092 1642 2233 1690; x_wconf 80' lang='lat' dir='ltr'>allata,</span> <span class='ocrx_word' id='word_1_646' title='bbox 2273 1644 2337 1680; x_wconf 84' lang='lat' dir='ltr'>ubi</span> <span class='ocrx_word' id='word_1_647' title='bbox 2367 1643 2490 1691; x_wconf 82' lang='lat' dir='ltr'>dicit,</span> 
     </span>
     <span class='ocr_line' id='line_1_87' title="bbox 1377 1695 2482 1746; baseline -0.001 -12"><span class='ocrx_word' id='word_1_648' title='bbox 1377 1697 1506 1734; x_wconf 83' lang='lat' dir='ltr'>Deum</span> <span class='ocrx_word' id='word_1_649' title='bbox 1533 1710 1587 1735; x_wconf 78' lang='lat' dir='ltr'>ex</span> <span class='ocrx_word' id='word_1_650' title='bbox 1615 1697 1841 1743; x_wconf 82' lang='lat' dir='ltr'>altissima,</span> <span class='ocrx_word' id='word_1_651' title='bbox 1874 1696 1923 1736; x_wconf 61' lang='grc' dir='ltr'>(θ’</span> <span class='ocrx_word' id='word_1_652' title='bbox 1952 1695 2197 1733; x_wconf 72' lang='lat' dir='ltr'>inscrutabili</span> <span class='ocrx_word' id='word_1_653' title='bbox 2225 1695 2482 1746; x_wconf 73' lang='lat' dir='ltr'>comprehen-</span> 
     </span>
     <span class='ocr_line' id='line_1_88' title="bbox 1377 1747 2136 1798; baseline 0.001 -14"><span class='ocrx_word' id='word_1_654' title='bbox 1377 1752 1487 1785; x_wconf 79' lang='lat' dir='ltr'>sione</span> <span class='ocrx_word' id='word_1_655' title='bbox 1515 1750 1702 1798; x_wconf 76' lang='lat' dir='ltr'>cujusque</span> <span class='ocrx_word' id='word_1_656' title='bbox 1732 1747 1838 1784; x_wconf 78' lang='lat' dir='ltr'>liberi</span> <span class='ocrx_word' id='word_1_657' title='bbox 1868 1747 2019 1784; x_wconf 72' lang='lat' dir='ltr'>arbitrii</span> <span class='ocrx_word' id='word_1_658' title='bbox 2047 1749 2136 1787; x_wconf 56' lang='grc' dir='ltr'>ΘΟ.</span> 
     </span>
    </p>

    <p class='ocr_par' dir='ltr' id='par_1_13' title="bbox 1379 1798 2495 2209">
     <span class='ocr_line' id='line_1_89' title="bbox 1440 1798 2491 1853; baseline 0.002 -16"><span class='ocrx_word' id='word_1_659' title='bbox 1440 1813 1525 1850; x_wconf 89' lang='lat'><strong>170.</strong></span> <span class='ocrx_word' id='word_1_660' title='bbox 1556 1799 1726 1837; x_wconf 85' lang='lat' dir='ltr'>Ulterius</span> <span class='ocrx_word' id='word_1_661' title='bbox 1756 1801 1796 1836; x_wconf 87' lang='lat' dir='ltr'>in</span> <span class='ocrx_word' id='word_1_662' title='bbox 1818 1798 2031 1837; x_wconf 81' lang='lat' dir='ltr'>Moliniana</span> <span class='ocrx_word' id='word_1_663' title='bbox 2051 1799 2252 1851; x_wconf 81' lang='lat' dir='ltr'>hypothesi</span> <span class='ocrx_word' id='word_1_664' title='bbox 2284 1811 2403 1853; x_wconf 82' lang='lat' dir='ltr'>posset</span> <span class='ocrx_word' id='word_1_665' title='bbox 2425 1801 2491 1839; x_wconf 84' lang='lat' dir='ltr'>ho-</span> 
     </span>
     <span class='ocr_line' id='line_1_90' title="bbox 1380 1851 2493 1904; baseline 0.002 -14"><span class='ocrx_word' id='word_1_666' title='bbox 1380 1867 1442 1890; x_wconf 87' lang='lat' dir='ltr'>mo</span> <span class='ocrx_word' id='word_1_667' title='bbox 1471 1851 1654 1904; x_wconf 85' lang='lat' dir='ltr'>gloriari,</span> <span class='ocrx_word' id='word_1_668' title='bbox 1683 1852 1784 1904; x_wconf 89' lang='lat' dir='ltr'>quod</span> <span class='ocrx_word' id='word_1_669' title='bbox 1813 1866 1850 1889; x_wconf 87' lang='lat' dir='ltr'>se</span> <span class='ocrx_word' id='word_1_670' title='bbox 1880 1853 2006 1903; x_wconf 83' lang='lat' dir='ltr'>ipsum</span> <span class='ocrx_word' id='word_1_671' title='bbox 2035 1853 2246 1892; x_wconf 81' lang='lat' dir='ltr'>discernat.</span> <span class='ocrx_word' id='word_1_672' title='bbox 2278 1855 2422 1892; x_wconf 79' lang='lat' dir='ltr'>Gratiae</span> <span class='ocrx_word' id='word_1_673' title='bbox 2454 1869 2493 1892; x_wconf 87' lang='lat' dir='ltr'>e-</span> 
     </span>
     <span class='ocr_line' id='line_1_91' title="bbox 1380 1903 2494 1956; baseline 0.003 -13"><span class='ocrx_word' id='word_1_674' title='bbox 1380 1907 1459 1943; x_wconf 83' lang='lat' dir='ltr'>nim</span> <span class='ocrx_word' id='word_1_675' title='bbox 1488 1907 1642 1943; x_wconf 86' lang='lat' dir='ltr'>omuino</span> <span class='ocrx_word' id='word_1_676' title='bbox 1672 1903 1843 1956; x_wconf 80' lang='lat' dir='ltr'>aequali,</span> <span class='ocrx_word' id='word_1_677' title='bbox 1873 1914 1984 1956; x_wconf 81' lang='lat' dir='ltr'>atque</span> <span class='ocrx_word' id='word_1_678' title='bbox 2013 1905 2241 1943; x_wconf 80' lang='lat' dir='ltr'>indifferenti</span> <span class='ocrx_word' id='word_1_679' title='bbox 2278 1920 2375 1944; x_wconf 84' lang='lat' dir='ltr'>unus</span> <span class='ocrx_word' id='word_1_680' title='bbox 2404 1920 2494 1946; x_wconf 90' lang='lat' dir='ltr'>con-</span> 
     </span>
     <span class='ocr_line' id='line_1_92' title="bbox 1379 1957 2492 2008; baseline 0.001 -12"><span class='ocrx_word' id='word_1_681' title='bbox 1379 1960 1512 2006; x_wconf 81' lang='lat' dir='ltr'>sentit,</span> <span class='ocrx_word' id='word_1_682' title='bbox 1555 1957 1649 1995; x_wconf 84' lang='lat' dir='ltr'>alter</span> <span class='ocrx_word' id='word_1_683' title='bbox 1690 1958 1860 1995; x_wconf 81' lang='lat' dir='ltr'>dissentit</span> <span class='ocrx_word' id='word_1_684' title='bbox 1889 1970 1958 2008; x_wconf 92' lang='lat' dir='ltr'>pro</span> <span class='ocrx_word' id='word_1_685' title='bbox 1999 1970 2066 1995; x_wconf 84' lang='lat' dir='ltr'>sua</span> <span class='ocrx_word' id='word_1_686' title='bbox 2097 1962 2242 1996; x_wconf 75' lang='lat' dir='ltr'>innata</span> <span class='ocrx_word' id='word_1_687' title='bbox 2281 1958 2492 2005; x_wconf 71' lang='lat' dir='ltr'>libertate:</span> 
     </span>
     <span class='ocr_line' id='line_1_93' title="bbox 1379 2008 2493 2062; baseline 0.004 -15"><span class='ocrx_word' id='word_1_688' title='bbox 1379 2024 1468 2062; x_wconf 79' lang='lat' dir='ltr'>ergo</span> <span class='ocrx_word' id='word_1_689' title='bbox 1498 2025 1591 2049; x_wconf 82' lang='lat' dir='ltr'>unus</span> <span class='ocrx_word' id='word_1_690' title='bbox 1619 2010 1668 2048; x_wconf 89' lang='lat' dir='ltr'>ab</span> <span class='ocrx_word' id='word_1_691' title='bbox 1697 2008 1814 2048; x_wconf 83' lang='lat' dir='ltr'>altero</span> <span class='ocrx_word' id='word_1_692' title='bbox 1840 2010 2068 2049; x_wconf 86' lang='lat' dir='ltr'>discernitur</span> <span class='ocrx_word' id='word_1_693' title='bbox 2098 2025 2163 2062; x_wconf 84' lang='lat' dir='ltr'>per</span> <span class='ocrx_word' id='word_1_694' title='bbox 2184 2011 2352 2050; x_wconf 85' lang='lat' dir='ltr'>liberum</span> <span class='ocrx_word' id='word_1_695' title='bbox 2389 2013 2493 2052; x_wconf 82' lang='lat' dir='ltr'>arbi-</span> 
     </span>
     <span class='ocr_line' id='line_1_94' title="bbox 1381 2062 2495 2119; baseline 0.003 -18"><span class='ocrx_word' id='word_1_696' title='bbox 1381 2065 1525 2102; x_wconf 86' lang='lat' dir='ltr'>trium:</span> <span class='ocrx_word' id='word_1_697' title='bbox 1555 2062 1662 2102; x_wconf 82' lang='lat' dir='ltr'>nulla</span> <span class='ocrx_word' id='word_1_698' title='bbox 1688 2064 1791 2101; x_wconf 82' lang='lat' dir='ltr'>euim</span> <span class='ocrx_word' id='word_1_699' title='bbox 1819 2063 1996 2101; x_wconf 88' lang='lat' dir='ltr'>discretio</span> <span class='ocrx_word' id='word_1_700' title='bbox 2023 2064 2145 2101; x_wconf 87' lang='lat' dir='ltr'>oritur</span> <span class='ocrx_word' id='word_1_701' title='bbox 2172 2078 2217 2101; x_wconf 84' lang='lat' dir='ltr'>ex</span> <span class='ocrx_word' id='word_1_702' title='bbox 2247 2079 2317 2113; x_wconf 89' lang='lat' dir='ltr'>eo,</span> <span class='ocrx_word' id='word_1_703' title='bbox 2347 2067 2385 2103; x_wconf 85' lang='lat' dir='ltr'>iu</span> <span class='ocrx_word' id='word_1_704' title='bbox 2414 2079 2495 2119; x_wconf 89' lang='lat' dir='ltr'>quo</span> 
     </span>
     <span class='ocr_line' id='line_1_95' title="bbox 1381 2116 2492 2171; baseline 0.002 -17"><span class='ocrx_word' id='word_1_705' title='bbox 1381 2117 1457 2154; x_wconf 84' lang='lat' dir='ltr'>duo</span> <span class='ocrx_word' id='word_1_706' title='bbox 1484 2118 1739 2165; x_wconf 84' lang='lat' dir='ltr'>conveniunt,</span> <span class='ocrx_word' id='word_1_707' title='bbox 1768 2116 1831 2154; x_wconf 89' lang='lat' dir='ltr'>sed</span> <span class='ocrx_word' id='word_1_708' title='bbox 1859 2129 1904 2156; x_wconf 83' lang='lat' dir='ltr'>ex</span> <span class='ocrx_word' id='word_1_709' title='bbox 1934 2129 2004 2164; x_wconf 89' lang='lat' dir='ltr'>eo,</span> <span class='ocrx_word' id='word_1_710' title='bbox 2035 2117 2136 2168; x_wconf 85' lang='lat' dir='ltr'>quod</span> <span class='ocrx_word' id='word_1_711' title='bbox 2159 2130 2254 2155; x_wconf 87' lang='lat' dir='ltr'>unus</span> <span class='ocrx_word' id='word_1_712' title='bbox 2276 2117 2387 2156; x_wconf 85' lang='lat' dir='ltr'>habet</span> <span class='ocrx_word' id='word_1_713' title='bbox 2408 2133 2492 2171; x_wconf 80' lang='lat' dir='ltr'>prae</span> 
     </span>
     <span class='ocr_line' id='line_1_96' title="bbox 1381 2169 1528 2209; baseline 0.007 -1"><span class='ocrx_word' id='word_1_714' title='bbox 1381 2169 1500 2208; x_wconf 78' lang='lat' dir='ltr'>altero</span> <span class='ocrx_word' id='word_1_715' title='bbox 1516 2197 1528 2209; x_wconf 89' lang='lat'>.</span> 
     </span>
    </p>

    <p class='ocr_par' dir='ltr' id='par_1_14' title="bbox 1381 2220 2497 2966">
     <span class='ocr_line' id='line_1_97' title="bbox 1441 2220 2493 2276; baseline 0.001 -14"><span class='ocrx_word' id='word_1_716' title='bbox 1441 2237 1527 2275; x_wconf 84' lang='lat'>171.</span> <span class='ocrx_word' id='word_1_717' title='bbox 1556 2224 1598 2261; x_wconf 92' lang='lat' dir='ltr'>Id</span> <span class='ocrx_word' id='word_1_718' title='bbox 1627 2224 1747 2275; x_wconf 83' lang='lat' dir='ltr'>magis</span> <span class='ocrx_word' id='word_1_719' title='bbox 1774 2220 1989 2261; x_wconf 80' lang='lat' dir='ltr'>declaratur</span> <span class='ocrx_word' id='word_1_720' title='bbox 2017 2235 2061 2259; x_wconf 78' lang='lat' dir='ltr'>ex</span> <span class='ocrx_word' id='word_1_721' title='bbox 2092 2222 2219 2261; x_wconf 83' lang='lat' dir='ltr'>verbis</span> <span class='ocrx_word' id='word_1_722' title='bbox 2257 2224 2378 2276; x_wconf 87' lang='lat' dir='ltr'>ipsius</span> <span class='ocrx_word' id='word_1_723' title='bbox 2406 2223 2493 2263; x_wconf 83' lang='lat' dir='ltr'>Mo-</span> 
     </span>
     <span class='ocr_line' id='line_1_98' title="bbox 1382 2274 2496 2328; baseline 0.003 -16"><span class='ocrx_word' id='word_1_724' title='bbox 1382 2275 1475 2315; x_wconf 77' lang='lat' dir='ltr'>linae</span> <span class='ocrx_word' id='word_1_725' title='bbox 1506 2278 1544 2315; x_wconf 86' lang='lat' dir='ltr'>iu</span> <span class='ocrx_word' id='word_1_726' title='bbox 1577 2274 1800 2314; x_wconf 81' lang='lat' dir='ltr'>Concordia.</span> <span class='ocrx_word' id='word_1_727' title='bbox 1827 2289 1895 2327; x_wconf 88' lang='lat' dir='ltr'>qu.</span> <span class='ocrx_word' id='word_1_728' title='bbox 1918 2274 1983 2314; x_wconf 77' lang='lat'>23.</span> <span class='ocrx_word' id='word_1_729' title='bbox 2014 2284 2083 2313; x_wconf 83' lang='lat' dir='ltr'>art.</span> <span class='ocrx_word' id='word_1_730' title='bbox 2114 2274 2152 2321; x_wconf 70' lang='grc'>4.</span> <span class='ocrx_word' id='word_1_731' title='bbox 2182 2277 2280 2328; x_wconf 87' lang='lat' dir='ltr'>disp.</span> <span class='ocrx_word' id='word_1_732' title='bbox 2308 2291 2341 2315; x_wconf 88' lang='lat'>1.</span> <span class='ocrx_word' id='word_1_733' title='bbox 2371 2291 2496 2316; x_wconf 87' lang='lat' dir='ltr'>mem-</span> 
     </span>
     <span class='ocr_line' id='line_1_99' title="bbox 1381 2328 2494 2382; baseline 0.001 -14"><span class='ocrx_word' id='word_1_734' title='bbox 1381 2329 1451 2368; x_wconf 89' lang='lat' dir='ltr'>bro</span> <span class='ocrx_word' id='word_1_735' title='bbox 1486 2343 1541 2368; x_wconf 76' lang='grc' dir='ltr'>ιο.</span> <span class='ocrx_word' id='word_1_736' title='bbox 1572 2344 1658 2381; x_wconf 87' lang='lat' dir='ltr'>pag.</span> <span class='ocrx_word' id='word_1_737' title='bbox 1690 2329 1781 2368; x_wconf 79' lang='lat'><strong>562.</strong></span> <span class='ocrx_word' id='word_1_738' title='bbox 1829 2328 1943 2379; x_wconf 74' lang='lat' dir='ltr'>Quod</span> <span class='ocrx_word' id='word_1_739' title='bbox 1972 2342 1993 2365; x_wconf 88' lang='lat' dir='ltr'>e</span> <span class='ocrx_word' id='word_1_740' title='bbox 2023 2328 2194 2377; x_wconf 79' lang='lat' dir='ltr'>duobus,</span> <span class='ocrx_word' id='word_1_741' title='bbox 2238 2331 2390 2382; x_wconf 84' lang='lat' dir='ltr'>iuquit,</span> <span class='ocrx_word' id='word_1_742' title='bbox 2429 2334 2494 2381; x_wconf 79' lang='lat' dir='ltr'>qui</span> 
     </span>
     <span class='ocr_line' id='line_1_100' title="bbox 1381 2383 2492 2434; baseline 0.001 -15"><span class='ocrx_word' id='word_1_743' title='bbox 1381 2383 1528 2432; x_wconf 75' lang='lat' dir='ltr'>aequali</span> <span class='ocrx_word' id='word_1_744' title='bbox 1557 2392 1666 2420; x_wconf 83' lang='lat' dir='ltr'>motu</span> <span class='ocrx_word' id='word_1_745' title='bbox 1694 2385 1840 2434; x_wconf 78' lang='lat' dir='ltr'>gratioe</span> <span class='ocrx_word' id='word_1_746' title='bbox 1878 2385 2172 2432; x_wconf 67' lang='lat' dir='ltr'>praeveniuntur</span> <span class='ocrx_word' id='word_1_747' title='bbox 2192 2412 2204 2430; x_wconf 95' lang='lat'>,</span> <span class='ocrx_word' id='word_1_748' title='bbox 2246 2396 2297 2420; x_wconf 89' lang='lat' dir='ltr'>ac</span> <span class='ocrx_word' id='word_1_749' title='bbox 2335 2397 2492 2427; x_wconf 61' lang='lat' dir='ltr'>moren-</span> 
     </span>
     <span class='ocr_line' id='line_1_101' title="bbox 1381 2438 2492 2489; baseline 0.003 -17"><span class='ocrx_word' id='word_1_750' title='bbox 1381 2444 1445 2472; x_wconf 84' lang='lat' dir='ltr'>tur</span> <span class='ocrx_word' id='word_1_751' title='bbox 1465 2465 1476 2484; x_wconf 97' lang='lat'>,</span> <span class='ocrx_word' id='word_1_752' title='bbox 1506 2449 1606 2473; x_wconf 80' lang='lat' dir='ltr'>unus</span> <span class='ocrx_word' id='word_1_753' title='bbox 1635 2438 1860 2473; x_wconf 79' lang='lat' dir='ltr'>consentiat:</span> <span class='ocrx_word' id='word_1_754' title='bbox 1878 2464 1887 2482; x_wconf 85' lang='lat'>,</span> <span class='ocrx_word' id='word_1_755' title='bbox 1919 2445 2132 2473; x_wconf 77' lang='lat' dir='ltr'>concurrat</span> <span class='ocrx_word' id='word_1_756' title='bbox 2152 2448 2241 2472; x_wconf 82' lang='lat' dir='ltr'>cum</span> <span class='ocrx_word' id='word_1_757' title='bbox 2261 2441 2422 2489; x_wconf 78' lang='lat' dir='ltr'>gratia,</span> <span class='ocrx_word' id='word_1_758' title='bbox 2453 2451 2492 2475; x_wconf 90' lang='lat' dir='ltr'>e-</span> 
     </span>
     <span class='ocr_line' id='line_1_102' title="bbox 1382 2488 2493 2539; baseline 0.001 -13"><span class='ocrx_word' id='word_1_759' title='bbox 1382 2489 1493 2526; x_wconf 81' lang='lat' dir='ltr'>liciat</span> <span class='ocrx_word' id='word_1_760' title='bbox 1520 2498 1685 2535; x_wconf 81' lang='lat' dir='ltr'>actum,</span> <span class='ocrx_word' id='word_1_761' title='bbox 1728 2488 1777 2528; x_wconf 57' lang='grc' dir='ltr'>ἴθ’</span> <span class='ocrx_word' id='word_1_762' title='bbox 1806 2496 2082 2533; x_wconf 55' lang='lat' dir='ltr'>con-vertutum</span> <span class='ocrx_word' id='word_1_763' title='bbox 2122 2489 2226 2526; x_wconf 83' lang='lat' dir='ltr'>alter</span> <span class='ocrx_word' id='word_1_764' title='bbox 2255 2502 2342 2527; x_wconf 66' lang='lat' dir='ltr'>vero</span> <span class='ocrx_word' id='word_1_765' title='bbox 2384 2503 2464 2527; x_wconf 85' lang='lat' dir='ltr'>non</span> <span class='ocrx_word' id='word_1_766' title='bbox 2482 2520 2493 2539; x_wconf 92' lang='lat'>,</span> 
     </span>
     <span class='ocr_line' id='line_1_103' title="bbox 1382 2539 2493 2594; baseline 0.002 -16"><span class='ocrx_word' id='word_1_767' title='bbox 1382 2551 1487 2579; x_wconf 81' lang='lat' dir='ltr'>certe</span> <span class='ocrx_word' id='word_1_768' title='bbox 1515 2541 1618 2579; x_wconf 87' lang='lat' dir='ltr'>SOL</span> <span class='ocrx_word' id='word_1_769' title='bbox 1629 2539 1720 2578; x_wconf 85' lang='lat' dir='ltr'>UM</span> <span class='ocrx_word' id='word_1_770' title='bbox 1743 2545 1915 2591; x_wconf 65' lang='lat' dir='ltr'>provenit</span> <span class='ocrx_word' id='word_1_771' title='bbox 1943 2540 1994 2578; x_wconf 83' lang='lat' dir='ltr'>ab</span> <span class='ocrx_word' id='word_1_772' title='bbox 2023 2545 2170 2579; x_wconf 82' lang='lat' dir='ltr'>innata</span> <span class='ocrx_word' id='word_1_773' title='bbox 2187 2572 2197 2590; x_wconf 91' lang='lat'>,</span> <span class='ocrx_word' id='word_1_774' title='bbox 2227 2542 2276 2583; x_wconf 57' lang='grc' dir='ltr'><strong><em>ὠ</em></strong></span> <span class='ocrx_word' id='word_1_775' title='bbox 2303 2547 2464 2594; x_wconf 83' lang='lat' dir='ltr'>propria</span> <span class='ocrx_word' id='word_1_776' title='bbox 2481 2574 2493 2591; x_wconf 90' lang='lat'>,</span> 
     </span>
     <span class='ocr_line' id='line_1_104' title="bbox 1383 2593 2495 2645; baseline 0.003 -15"><span class='ocrx_word' id='word_1_777' title='bbox 1383 2596 1431 2635; x_wconf 55' lang='grc' dir='ltr'>ὅν</span> <span class='ocrx_word' id='word_1_778' title='bbox 1461 2599 1679 2633; x_wconf 81' lang='lat' dir='ltr'>intrinseca</span> <span class='ocrx_word' id='word_1_779' title='bbox 1708 2593 1888 2632; x_wconf 81' lang='lat' dir='ltr'>libertate</span> <span class='ocrx_word' id='word_1_780' title='bbox 1918 2598 2116 2645; x_wconf 77' lang='lat' dir='ltr'>utriusque</span> <span class='ocrx_word' id='word_1_781' title='bbox 2135 2624 2146 2642; x_wconf 84' lang='lat'>,</span> <span class='ocrx_word' id='word_1_782' title='bbox 2187 2594 2295 2633; x_wconf 82' lang='lat' dir='ltr'>bonis</span> <span class='ocrx_word' id='word_1_783' title='bbox 2324 2597 2373 2636; x_wconf 62' lang='grc' dir='ltr'>(θ’</span> <span class='ocrx_word' id='word_1_784' title='bbox 2404 2609 2495 2633; x_wconf 87' lang='lat' dir='ltr'>ma-</span> 
     </span>
     <span class='ocr_line' id='line_1_105' title="bbox 1385 2646 2497 2700; baseline 0 -14"><span class='ocrx_word' id='word_1_785' title='bbox 1385 2649 1452 2697; x_wconf 74' lang='lat' dir='ltr'>lis,</span> <span class='ocrx_word' id='word_1_786' title='bbox 1481 2647 1652 2699; x_wconf 84' lang='lat' dir='ltr'>reprobis</span> <span class='ocrx_word' id='word_1_787' title='bbox 1678 2648 1730 2689; x_wconf 68' lang='lat'>(9⁶</span> <span class='ocrx_word' id='word_1_788' title='bbox 1757 2646 2051 2700; x_wconf 74' lang='lat' dir='ltr'>praedestinatis</span> <span class='ocrx_word' id='word_1_789' title='bbox 2081 2652 2308 2685; x_wconf 74' lang='lat' dir='ltr'>communi.</span> <span class='ocrx_word' id='word_1_790' title='bbox 2347 2647 2396 2685; x_wconf 83' lang='lat' dir='ltr'>Et</span> <span class='ocrx_word' id='word_1_791' title='bbox 2425 2663 2497 2686; x_wconf 85' lang='lat' dir='ltr'>sae-</span> 
     </span>
     <span class='ocr_line' id='line_1_106' title="bbox 1386 2699 2495 2754; baseline 0.001 -16"><span class='ocrx_word' id='word_1_792' title='bbox 1386 2703 1473 2754; x_wconf 85' lang='lat' dir='ltr'>pius</span> <span class='ocrx_word' id='word_1_793' title='bbox 1502 2701 1654 2740; x_wconf 73' lang='lat' dir='ltr'>Molina</span> <span class='ocrx_word' id='word_1_794' title='bbox 1683 2702 1844 2754; x_wconf 85' lang='lat' dir='ltr'>repetit,</span> <span class='ocrx_word' id='word_1_795' title='bbox 1873 2699 2068 2738; x_wconf 86' lang='lat' dir='ltr'>influxum</span> <span class='ocrx_word' id='word_1_796' title='bbox 2097 2699 2171 2737; x_wconf 91' lang='lat' dir='ltr'>Dei</span> <span class='ocrx_word' id='word_1_797' title='bbox 2201 2714 2274 2738; x_wconf 89' lang='lat' dir='ltr'>nou</span> <span class='ocrx_word' id='word_1_798' title='bbox 2304 2702 2422 2752; x_wconf 86' lang='lat' dir='ltr'>recipi</span> <span class='ocrx_word' id='word_1_799' title='bbox 2454 2704 2495 2742; x_wconf 89' lang='lat' dir='ltr'>in</span> 
     </span>
     <span class='ocr_line' id='line_1_107' title="bbox 1385 2752 2495 2803; baseline -0.002 -11"><span class='ocrx_word' id='word_1_800' title='bbox 1385 2756 1506 2792; x_wconf 79' lang='lat' dir='ltr'>causis</span> <span class='ocrx_word' id='word_1_801' title='bbox 1534 2754 1736 2803; x_wconf 81' lang='lat' dir='ltr'>secundis,</span> <span class='ocrx_word' id='word_1_802' title='bbox 1779 2754 1842 2793; x_wconf 86' lang='lat' dir='ltr'>sed</span> <span class='ocrx_word' id='word_1_803' title='bbox 1872 2755 1909 2791; x_wconf 88' lang='lat' dir='ltr'>in</span> <span class='ocrx_word' id='word_1_804' title='bbox 1936 2752 2072 2791; x_wconf 84' lang='lat' dir='ltr'>effectu</span> <span class='ocrx_word' id='word_1_805' title='bbox 2103 2752 2183 2803; x_wconf 78' lang='lat' dir='ltr'>(b).</span> <span class='ocrx_word' id='word_1_806' title='bbox 2228 2754 2330 2793; x_wconf 90' lang='lat' dir='ltr'>Hinc</span> <span class='ocrx_word' id='word_1_807' title='bbox 2366 2767 2495 2791; x_wconf 82' lang='lat' dir='ltr'>conse-</span> 
     </span>
     <span class='ocr_line' id='line_1_108' title="bbox 1386 2806 2495 2859; baseline 0.001 -15"><span class='ocrx_word' id='word_1_808' title='bbox 1386 2817 1542 2859; x_wconf 88' lang='lat' dir='ltr'>quenter</span> <span class='ocrx_word' id='word_1_809' title='bbox 1570 2808 1705 2856; x_wconf 88' lang='lat' dir='ltr'>docet,</span> <span class='ocrx_word' id='word_1_810' title='bbox 1748 2821 1853 2859; x_wconf 87' lang='lat' dir='ltr'>posse</span> <span class='ocrx_word' id='word_1_811' title='bbox 1882 2806 2077 2844; x_wconf 85' lang='lat' dir='ltr'>hominem</span> <span class='ocrx_word' id='word_1_812' title='bbox 2106 2806 2247 2858; x_wconf 79' lang='lat' dir='ltr'>justum</span> <span class='ocrx_word' id='word_1_813' title='bbox 2276 2808 2322 2844; x_wconf 86' lang='lat' dir='ltr'>de</span> <span class='ocrx_word' id='word_1_814' title='bbox 2351 2808 2426 2843; x_wconf 82' lang='lat' dir='ltr'>suis</span> <span class='ocrx_word' id='word_1_815' title='bbox 2455 2822 2495 2845; x_wconf 81' lang='lat' dir='ltr'>a-</span> 
     </span>
     <span class='ocr_line' id='line_1_109' title="bbox 1388 2858 2494 2912; baseline -0.003 -14"><span class='ocrx_word' id='word_1_816' title='bbox 1388 2860 1513 2898; x_wconf 85' lang='lat' dir='ltr'>ctibus</span> <span class='ocrx_word' id='word_1_817' title='bbox 1540 2860 1697 2912; x_wconf 84' lang='lat' dir='ltr'>gloriari</span> <span class='ocrx_word' id='word_1_818' title='bbox 1727 2874 1776 2898; x_wconf 79' lang='lat' dir='ltr'>ea</span> <span class='ocrx_word' id='word_1_819' title='bbox 1806 2872 1859 2899; x_wconf 79' lang='lat' dir='ltr'>ex</span> <span class='ocrx_word' id='word_1_820' title='bbox 1885 2868 2021 2911; x_wconf 81' lang='lat' dir='ltr'>parte,</span> <span class='ocrx_word' id='word_1_821' title='bbox 2058 2873 2137 2911; x_wconf 82' lang='lat' dir='ltr'>qua</span> <span class='ocrx_word' id='word_1_822' title='bbox 2165 2858 2281 2896; x_wconf 81' lang='lat' dir='ltr'>libere</span> <span class='ocrx_word' id='word_1_823' title='bbox 2309 2858 2465 2909; x_wconf 76' lang='lat' dir='ltr'>quidem</span> <span class='ocrx_word' id='word_1_824' title='bbox 2482 2890 2494 2908; x_wconf 87' lang='lat'>‚</span> 
     </span>
     <span class='ocr_line' id='line_1_110' title="bbox 1387 2910 2494 2966; baseline 0 -15"><span class='ocrx_word' id='word_1_825' title='bbox 1387 2912 1457 2951; x_wconf 68' lang='lat' dir='ltr'>sect</span> <span class='ocrx_word' id='word_1_826' title='bbox 1482 2914 1706 2966; x_wconf 80' lang='lat' dir='ltr'>partialiter</span> <span class='ocrx_word' id='word_1_827' title='bbox 1735 2913 1898 2964; x_wconf 72' lang='lat' dir='ltr'>caus&#39;ae,</span> <span class='ocrx_word' id='word_1_828' title='bbox 1940 2913 1990 2955; x_wconf 60' lang='grc' dir='ltr'>Θ</span> <span class='ocrx_word' id='word_1_829' title='bbox 2019 2927 2098 2952; x_wconf 84' lang='lat' dir='ltr'>non</span> <span class='ocrx_word' id='word_1_830' title='bbox 2127 2910 2290 2960; x_wconf 80' lang='lat' dir='ltr'>effectus</span> <span class='ocrx_word' id='word_1_831' title='bbox 2331 2911 2382 2949; x_wconf 83' lang='lat' dir='ltr'>ab</span> <span class='ocrx_word' id='word_1_832' title='bbox 2411 2917 2494 2963; x_wconf 83' lang='lat' dir='ltr'>ipso</span> 
     </span>
    </p>

    <p class='ocr_par' dir='ltr' id='par_1_15' title="bbox 2403 2980 2446 3003">
     <span class='ocr_line' id='line_1_111' title="bbox 2403 2980 2446 3003; baseline 0 -8"><span class='ocrx_word' id='word_1_833' title='bbox 2403 2980 2446 3003; x_wconf 78' lang='lat' dir='ltr'>e-</span> 
     </span>
    </p>
   </div>
   <div class='ocr_carea' id='block_1_10' title="bbox 1384 3065 2497 3394">
    <p class='ocr_par' dir='ltr' id='par_1_16' title="bbox 1384 3065 2497 3394">
     <span class='ocr_line' id='line_1_112' title="bbox 1440 3065 2497 3115; baseline -0.004 -14"><span class='ocrx_word' id='word_1_834' title='bbox 1440 3070 1487 3109; x_wconf 71' lang='lat' dir='ltr'>(b)</span> <span class='ocrx_word' id='word_1_835' title='bbox 1517 3066 1603 3103; x_wconf 76' lang='lat' dir='ltr'>Tria</span> <span class='ocrx_word' id='word_1_836' title='bbox 1629 3070 1664 3103; x_wconf 82' lang='lat' dir='ltr'>in</span> <span class='ocrx_word' id='word_1_837' title='bbox 1690 3081 1791 3115; x_wconf 74' lang='lat' dir='ltr'>opere</span> <span class='ocrx_word' id='word_1_838' title='bbox 1816 3070 1906 3104; x_wconf 83' lang='lat' dir='ltr'>hono</span> <span class='ocrx_word' id='word_1_839' title='bbox 1942 3065 2176 3109; x_wconf 67' lang='lat' dir='ltr'>distinguebat</span> <span class='ocrx_word' id='word_1_840' title='bbox 2204 3066 2335 3099; x_wconf 82' lang='lat' dir='ltr'>Molina</span> <span class='ocrx_word' id='word_1_841' title='bbox 2352 3088 2362 3107; x_wconf 90' lang='lat'>,</span> <span class='ocrx_word' id='word_1_842' title='bbox 2400 3066 2497 3099; x_wconf 86' lang='lat' dir='ltr'>scili-</span> 
     </span>
     <span class='ocr_line' id='line_1_113' title="bbox 1389 3111 2493 3160; baseline -0.001 -14"><span class='ocrx_word' id='word_1_843' title='bbox 1389 3124 1443 3147; x_wconf 82' lang='lat' dir='ltr'>cet</span> <span class='ocrx_word' id='word_1_844' title='bbox 1472 3116 1640 3148; x_wconf 77' lang='lat' dir='ltr'>rationem</span> <span class='ocrx_word' id='word_1_845' title='bbox 1668 3118 1863 3160; x_wconf 77' lang='lat' dir='ltr'>generalem</span> <span class='ocrx_word' id='word_1_846' title='bbox 1887 3122 2009 3152; x_wconf 84' lang='lat' dir='ltr'>actus,</span> <span class='ocrx_word' id='word_1_847' title='bbox 2051 3112 2126 3155; x_wconf 81' lang='lat' dir='ltr'>ejus</span> <span class='ocrx_word' id='word_1_848' title='bbox 2163 3111 2493 3145; x_wconf 83' lang='lat' dir='ltr'>determinationem</span> 
     </span>
     <span class='ocr_line' id='line_1_114' title="bbox 1391 3157 2494 3207; baseline -0.002 -15"><span class='ocrx_word' id='word_1_849' title='bbox 1391 3161 1432 3194; x_wconf 78' lang='lat' dir='ltr'>ad</span> <span class='ocrx_word' id='word_1_850' title='bbox 1459 3170 1589 3194; x_wconf 78' lang='lat' dir='ltr'>certam</span> <span class='ocrx_word' id='word_1_851' title='bbox 1615 3164 1789 3207; x_wconf 85' lang='lat' dir='ltr'>speciem,</span> <span class='ocrx_word' id='word_1_852' title='bbox 1815 3160 1941 3193; x_wconf 76' lang='lat' dir='ltr'>amoris</span> <span class='ocrx_word' id='word_1_853' title='bbox 1960 3167 2043 3202; x_wconf 84' lang='lat' dir='ltr'>puta</span> <span class='ocrx_word' id='word_1_854' title='bbox 2059 3180 2068 3198; x_wconf 78' lang='grc'>,</span> <span class='ocrx_word' id='word_1_855' title='bbox 2096 3168 2154 3192; x_wconf 82' lang='lat' dir='ltr'>aut</span> <span class='ocrx_word' id='word_1_856' title='bbox 2168 3157 2237 3192; x_wconf 85' lang='lat' dir='ltr'>odii</span> <span class='ocrx_word' id='word_1_857' title='bbox 2253 3181 2263 3199; x_wconf 85' lang='lat'>,</span> <span class='ocrx_word' id='word_1_858' title='bbox 2290 3157 2494 3202; x_wconf 73' lang='lat' dir='ltr'>&amp;ejusdem</span> 
     </span>
     <span class='ocr_line' id='line_1_115' title="bbox 1391 3204 2493 3251; baseline -0.005 -10"><span class='ocrx_word' id='word_1_859' title='bbox 1391 3216 1488 3240; x_wconf 78' lang='lat' dir='ltr'>actus</span> <span class='ocrx_word' id='word_1_860' title='bbox 1514 3206 1670 3240; x_wconf 80' lang='lat' dir='ltr'>ordinem</span> <span class='ocrx_word' id='word_1_861' title='bbox 1708 3206 2025 3251; x_wconf 68' lang='lat' dir='ltr'>supernaturalem.</span> <span class='ocrx_word' id='word_1_862' title='bbox 2068 3204 2121 3238; x_wconf 83' lang='lat' dir='ltr'>Ad</span> <span class='ocrx_word' id='word_1_863' title='bbox 2157 3205 2310 3249; x_wconf 82' lang='lat' dir='ltr'>primum</span> <span class='ocrx_word' id='word_1_864' title='bbox 2346 3204 2493 3248; x_wconf 78' lang='lat' dir='ltr'>requirit</span> 
     </span>
     <span class='ocr_line' id='line_1_116' title="bbox 1392 3251 2493 3297; baseline -0.007 -10"><span class='ocrx_word' id='word_1_865' title='bbox 1392 3264 1598 3287; x_wconf 75' lang='lat' dir='ltr'>concursum</span> <span class='ocrx_word' id='word_1_866' title='bbox 1625 3255 1819 3297; x_wconf 78' lang='lat' dir='ltr'>generalem</span> <span class='ocrx_word' id='word_1_867' title='bbox 1837 3251 1899 3284; x_wconf 74' lang='lat' dir='ltr'>Dei</span> <span class='ocrx_word' id='word_1_868' title='bbox 1917 3273 1927 3291; x_wconf 83' lang='lat'>‚</span> <span class='ocrx_word' id='word_1_869' title='bbox 1954 3256 2006 3294; x_wconf 79' lang='lat' dir='ltr'>qui</span> <span class='ocrx_word' id='word_1_870' title='bbox 2034 3264 2097 3283; x_wconf 74' lang='lat' dir='ltr'>,tou</span> <span class='ocrx_word' id='word_1_871' title='bbox 2123 3259 2177 3284; x_wconf 82' lang='lat' dir='ltr'>esc</span> <span class='ocrx_word' id='word_1_872' title='bbox 2196 3252 2347 3291; x_wconf 71' lang='lat' dir='ltr'>influxus</span> <span class='ocrx_word' id='word_1_873' title='bbox 2367 3251 2436 3282; x_wconf 77' lang='lat' dir='ltr'>Dei</span> <span class='ocrx_word' id='word_1_874' title='bbox 2456 3253 2493 3280; x_wconf 82' lang='grc' dir='ltr'>ίη</span> 
     </span>
     <span class='ocr_line' id='line_1_117' title="bbox 1393 3299 2492 3341; baseline -0.006 -8"><span class='ocrx_word' id='word_1_875' title='bbox 1393 3312 1528 3333; x_wconf 80' lang='lat' dir='ltr'>causum</span> <span class='ocrx_word' id='word_1_876' title='bbox 1555 3302 1732 3333; x_wconf 65' lang='lat' dir='ltr'>securatam</span> <span class='ocrx_word' id='word_1_877' title='bbox 1748 3320 1757 3337; x_wconf 91' lang='lat'>,</span> <span class='ocrx_word' id='word_1_878' title='bbox 1793 3302 1887 3341; x_wconf 69' lang='lat' dir='ltr'>quasi</span> <span class='ocrx_word' id='word_1_879' title='bbox 1915 3299 1977 3330; x_wconf 73' lang='lat' dir='ltr'>illu</span> <span class='ocrx_word' id='word_1_880' title='bbox 2002 3301 2096 3339; x_wconf 73' lang='lat' dir='ltr'>prius</span> <span class='ocrx_word' id='word_1_881' title='bbox 2122 3311 2159 3330; x_wconf 80' lang='lat' dir='ltr'>eu</span> <span class='ocrx_word' id='word_1_882' title='bbox 2195 3306 2282 3330; x_wconf 79' lang='lat' dir='ltr'>mola</span> <span class='ocrx_word' id='word_1_883' title='bbox 2303 3304 2384 3339; x_wconf 76' lang='lat' dir='ltr'>agat</span> <span class='ocrx_word' id='word_1_884' title='bbox 2402 3316 2412 3333; x_wconf 89' lang='lat'>‚</span> <span class='ocrx_word' id='word_1_885' title='bbox 2451 3299 2492 3326; x_wconf 65' lang='grc' dir='ltr'>(Γ</span> 
     </span>
     <span class='ocr_line' id='line_1_118' title="bbox 1384 3345 2494 3394; baseline -0.005 -15"><span class='ocrx_word' id='word_1_886' title='bbox 1384 3347 1551 3394; x_wconf 67' lang='lat' dir='ltr'>producut</span> <span class='ocrx_word' id='word_1_887' title='bbox 1577 3359 1666 3379; x_wconf 78' lang='lat' dir='ltr'>suum</span> <span class='ocrx_word' id='word_1_888' title='bbox 1693 3345 1847 3388; x_wconf 76' lang='lat' dir='ltr'>effectum</span> <span class='ocrx_word' id='word_1_889' title='bbox 1863 3365 1874 3384; x_wconf 85' lang='lat'><em>,</em></span> <span class='ocrx_word' id='word_1_890' title='bbox 1907 3345 1967 3377; x_wconf 71' lang='lat' dir='ltr'>sed</span> <span class='ocrx_word' id='word_1_891' title='bbox 1993 3353 2045 3379; x_wconf 80' lang='lat' dir='ltr'>est</span> <span class='ocrx_word' id='word_1_892' title='bbox 2071 3345 2266 3378; x_wconf 59' lang='lat' dir='ltr'>immediate</span> <span class='ocrx_word' id='word_1_893' title='bbox 2293 3353 2363 3375; x_wconf 70' lang='lat' dir='ltr'>cum</span> <span class='ocrx_word' id='word_1_894' title='bbox 2388 3353 2494 3374; x_wconf 72' lang='lat' dir='ltr'>causa</span> 
     </span>
    </p>
   </div>
  </div>
 </body>
</html>
