2577 3633
255 87 310 139 78

190 191 217 212 „
245 163 398 209 veniat,
440 173 517 213 quo
545 158 736 198 maximus
763 159 886 198 Judex
917 162 1138 199 meritorum
1174 161 1291 198 faciat

190 245 216 264 „
245 229 402 252 examen
433 218 447 265 (
477 212 583 263 apud
611 212 804 250 Latinum
833 226 917 263 sup.
948 227 987 250 n.
1012 211 1101 259 264.
1132 213 1147 262 )
1178 212 1234 250 Et
1264 217 1294 251 i-

188 297 216 318 „
245 277 372 304 terum
402 270 442 302 in
466 265 573 304 Psal.
597 265 725 305 CXX.
754 281 794 305 n.
823 267 880 304 16.
897 265 1047 318 fideles
1075 279 1215 305 omnes
1234 279 1300 305 ref

188 349 214 368 ,‚
242 322 391 357 servari
429 318 523 357 (licit
555 323 596 356 in
625 323 715 358 sinu
748 318 947 366 Abrahae,
994 331 1192 372 quousque
1234 321 1294 359 in-

186 401 213 420 „
241 372 414 411 troeundi
451 385 603 410 rursum
632 374 670 411 in
712 385 870 423 regnum
911 370 1099 410 coelomm
1143 382 1295 426 tempus

189 454 215 472 „
245 425 445 471 adveniat3
474 439 639 476 quorum
666 429 832 478 gemina
859 437 965 474 saepe
994 424 1135 464 habet.
1156 456 1185 475 „

242 478 333 529 307.
366 478 476 531 Resp.
506 480 548 517 S.
578 479 771 516 Hilarium
792 479 831 515 in
860 478 986 528 primo
1013 478 1097 517 loco
1125 479 1233 533 loqui
1247 480 1293 518 de
1326 496 1330 507 ⁷

186 531 434 570 retributione
464 532 575 584 plena
592 562 601 579 ,
632 532 798 583 perfecta
818 561 828 579 ‚
859 529 892 566 ἃ
919 543 1183 572 consummata
1210 543 1292 571 tum

183 584 350 635 gloriae,
395 595 474 622 tum
517 597 670 636 poenae,
714 584 867 635 quando
904 584 1052 624 scilicet
1095 596 1176 639 post
1205 586 1296 626 ulti-

185 652 310 676 mum
330 638 518 687 judicium
548 645 641 674 totus
687 636 827 685 homo,
869 640 1028 687 anima,
1074 641 1108 677 8<
1137 653 1294 692 corpore

184 701 380 738 constans,
410 689 695 727 retributionem
724 691 906 743 accipiet,
936 702 1152 732 nouantem
1172 695 1218 731 de
1235 707 1293 730 re-

182 744 386 782 tributione
427 741 613 779 essentiali
643 743 828 795 quidem,
870 745 933 782 sed
963 747 1131 784 nondum
1169 748 1292 798 perfe-

182 805 268 843 cta,
304 809 392 847 quae
421 796 560 833 animae
589 798 716 835 statim
746 806 827 847 post
855 807 1014 837 mortem
1044 801 1263 839 conceditur
1281 825 1294 838 .

180 849 222 886 Id
252 857 352 899 patet
379 861 434 894 ex,
453 857 656 895 contextu3
696 850 828 888 eodem
857 852 961 888 enim
991 854 1106 891 modo
1133 853 1293 905 loquen-

180 902 273 938 dum
304 909 355 938 est
383 901 429 938 de
456 901 712 951 beatitudine,
742 917 785 941 ac
807 903 852 941 de
882 919 997 956 poena
1026 920 1071 944 ex
1092 907 1222 957 regula
1242 907 1292 944 ab

180 954 312 992 eodem
344 953 495 992 Hilario
521 956 658 994 tradita
687 958 726 994 in
746 955 805 994 Ps.
826 957 988 996 LXVII.
1008 974 1046 998 n.
1069 960 1108 1005 4.
1140 961 1205 998 ubi
1235 961 1293 998 di-

180 1008 250 1044 cit:
293 1021 410 1059 aecsua
432 1008 575 1060 judicii
603 1009 800 1058 coelestis,
845 1012 892 1052 (ἓν
927 1013 1042 1064 justa
1071 1013 1293 1051 moderatio

180 1069 266 1108 est,
309 1070 351 1098 ut
378 1071 606 1112 peccatores
636 1073 764 1101 morte
791 1064 990 1117 conficere
1010 1096 1020 1114 ,
1069 1070 1126 1104 ita
1155 1068 1205 1109 ὠ
1227 1068 1294 1119 ju-

181 1122 260 1151 stos
299 1114 441 1152 laetitia,
483 1121 718 1155 munerari.
760 1117 807 1155 At
837 1132 924 1156 vero
952 1119 993 1157 S.
1024 1119 1195 1158 Hilarius
1225 1133 1294 1172 pro

181 1177 282 1204 certo
311 1166 466 1216 habuit,
504 1183 658 1220 poenam
689 1171 813 1208 statim
844 1182 924 1222 post
954 1182 1116 1210 mortem
1144 1175 1292 1212 anima-

180 1220 253 1258 bus
282 1221 490 1272 impiorum
521 1222 667 1275 infligi3
704 1225 922 1262 immediate
959 1227 1064 1264 enim
1093 1235 1180 1265 ante
1210 1240 1292 1266 ver-

182 1273 233 1310 ba
263 1273 371 1311 nohis
400 1273 548 1326 objecta
576 1278 623 1314 ad
653 1277 692 1314 id
721 1278 1047 1329 comprobandum
1087 1281 1203 1318 utitur
1233 1280 1293 1318 hi-

182 1327 295 1366 storia
323 1327 547 1379 evangelica
568 1329 696 1367 divitis
724 1330 758 1366 8c
780 1332 976 1381 mendici,
1006 1334 1206 1384 inquiens:
1236 1343 1292 1371 te-

183 1387 262 1416 stes
290 1378 399 1433 nobis
441 1383 690 1432 ewangelicus
718 1383 823 1420 <lives
840 1414 850 1432 ,
892 1385 946 1424 &t
970 1398 1120 1436 pauper
1140 1416 1150 1434 ,
1198 1400 1294 1436 quo·

179 1444 268 1468 rum
299 1437 423 1469 unum
452 1434 594 1485 Angeli
624 1439 663 1472 in
692 1435 846 1473 sedibus
876 1437 1093 1476 Beatorum
1116 1468 1128 1486 ,
1169 1440 1220 1479 (J
1249 1443 1290 1476 in

178 1483 354 1522 Abrahae
374 1490 463 1522 sinu
491 1487 719 1524 locaverunt
734 1518 745 1536 ,
774 1489 901 1526 alium
922 1494 1060 1527 statim
1079 1503 1209 1541 poenae
1228 1504 1290 1529 re-

176 1541 241 1590 gio
269 1542 457 1588 suscepit.
486 1539 596 1577 Atleo
625 1550 762 1578 autem
790 1545 930 1579 statim
949 1556 1068 1592 poena
1089 1554 1291 1582 mortuum

180 1595 335 1641 excepit
357 1621 367 1639 ,
409 1600 450 1629 ut
478 1597 603 1630 etiam
621 1592 785 1645 fratres
812 1596 899 1647 ejus
927 1596 1057 1634 adhuc
1085 1601 1130 1635 in
1157 1611 1291 1647 super-

179 1649 244 1682 nis
272 1655 487 1683 manerent
504 1659 518 1683 .·
547 1646 643 1685 nibil
671 1648 748 1685 illic
778 1647 1009 1697 dilationis,
1038 1659 1110 1688 aut
1139 1665 1293 1690 morae.

180 1696 229 1734 Et
250 1699 279 1735 si
302 1698 398 1736 nihil
427 1698 620 1737 dilationis
636 1730 646 1748 ,
675 1710 740 1739 aut
769 1715 887 1738 morae
919 1703 958 1739 in
979 1717 1094 1754 poena
1113 1712 1194 1752 est,
1224 1717 1294 1742 cur

181 1751 252 1788 erit
280 1752 318 1787 in
348 1750 534 1801 praemio?

238 1801 330 1840 508.
361 1803 468 1841 Addo
496 1804 596 1855 quod
626 1804 714 1842 Lib.
737 1804 789 1843 X.
819 1805 868 1843 de
900 1805 1040 1845 Trinit.
1069 1821 1109 1846 n.
1133 1808 1197 1854 54.
1228 1806 1296 1847 ha·-

180 1853 244 1892 bet
274 1855 319 1892 de
347 1854 446 1893 bono
474 1855 642 1905 latrone,
684 1860 747 1896 cui
776 1860 1006 1910 promissum
1052 1862 1165 1899 fnisse
1202 1862 1297 1901 dicit

182 1908 402 1960 paradisum
421 1939 431 1956 ,
460 1910 510 1949 (9⁶
530 1920 824 1949 consummatae
839 1911 1088 1951 beatitudinis
1108 1915 1295 1955 delicia&

186 1961 234 1998 Et
264 1974 392 2000 rursus
420 1962 509 2001 Lib.
531 1963 599 2000 IX.
630 1964 677 2001 (le
702 1963 841 2003 Trinit.
872 1981 907 2004 n.
931 1969 995 2005 50.
1025 1980 1115 2005 cum
1145 1968 1298 2018 Pater,

185 2015 309 2065 inquit
327 2045 338 2062 ,
367 2015 452 2052 velit
470 2046 480 2063 ,
511 2016 714 2055 credentes
743 2024 784 2055 in
814 2017 911 2057 Filio
940 2025 1061 2058 vitain
1089 2030 1291 2059 aeternam

187 2065 357 2115 habere,
388 2068 506 2106 Filius
536 2071 636 2118 vult,
666 2071 745 2109 illio
773 2070 834 2109 ubi
862 2076 944 2122 ipse
973 2078 1051 2121 sit,
1093 2087 1179 2112 esse
1209 2088 1293 2112 cre-

187 2119 346 2158 dentes.
393 2121 485 2159 Nisi
512 2122 628 2174 forte
657 2123 882 2163 cohabitare
911 2139 1002 2163 cum
1036 2125 1185 2165 Christo
1215 2142 1295 2166 non

187 2177 234 2209 si:
264 2179 492 2222 ‹zeter-nitas,
522 2185 592 2214 aut
622 2191 702 2214 non
730 2177 910 2229 perfecta
933 2209 944 2228 ,
972 2180 1022 2220 <9¹
1041 2179 1162 2219 beata
1189 2185 1230 2219 in
1251 2195 1295 2221 se

185 2226 430 2265 credentibus
459 2228 603 2266 tribuat
635 2229 837 2269 Christus.

240 2279 332 2331 509.
363 2281 406 2318 In
446 2283 610 2320 secundo
652 2283 733 2322 loco
775 2284 926 2336 objecto
954 2285 995 2325 S.
1026 2287 1198 2326 Hilarius
1226 2288 1296 2326 du-

187 2331 275 2383 plex
315 2334 481 2372 distinxit
511 2336 712 2375 Beatorum
755 2351 948 2389 regnum,
996 2339 1159 2379 alterum
1206 2355 1296 2379 cum

172 2384 335 2424 'Christo
365 2401 480 2440 usque
522 2389 571 2437 ad
598 2391 723 2429 carnis
753 2393 1095 2443 resurrectionem,
1132 2393 1297 2432 alterum

187 2447 372 2478 aeternnm
402 2455 491 2478 cum
521 2442 623 2480 Deo:
667 2445 706 2482 in
738 2454 895 2498 utroque
924 2454 1054 2485 tamen
1082 2446 1186 2495 vult,
1212 2449 1297 2486 ani-

186 2506 269 2530 mas
298 2492 525 2533 Sanctorum
554 2495 628 2533 Dei
670 2499 815 2536 visione
862 2499 1053 2546 beandas;
1101 2501 1311 2552 explicans¹

188 2547 290 2582 en‘nn
320 2559 365 2584 ea
393 2548 510 2586 verba
539 2547 638 2589 Psal.
676 2550 834 2589 CXLII.
863 2565 902 2604 ς).
932 2565 1013 2590 ηοη
1042 2563 1203 2592 avertas
1219 2553 1298 2604 fa-

190 2601 295 2634 ciem.
324 2607 435 2636 tuam
465 2614 492 2638 a
521 2615 612 2652 me,
641 2604 691 2644 <9³
711 2606 853 2642 similis
882 2619 947 2644 ero
977 2606 1297 2646 descendentibus

192 2654 233 2687 in
263 2650 397 2688 lacum
415 2681 426 2699 ‚
454 2654 605 2706 inquit:
643 2671 736 2710 ergo
765 2658 999 2711 71isijacies
1027 2659 1104 2699 Dei
1124 2691 1134 2708 ,
1162 2665 1228 2712 qui
1255 2675 1298 2698 u-

192 2707 297 2754 tique
329 2703 501 2743 Christus
529 2718 607 2756 est,
636 2715 699 2759 qui
730 2716 865 2764 imago
886 2712 963 2751 Dei
993 2713 1189 2752 invisibilis
1217 2724 1298 2763 est,

192 2761 400 2808 unicuique
415 2758 569 2816 *Sancto
598 2762 771 2813 adfuerit
789 2796 800 2814 ,
830 2771 901 2804 erit
931 2768 1006 2805 illis
1035 2769 1175 2806 similis
1195 2798 1205 2816 ,
1235 2772 1300 2820 qui

193 2823 321 2858 poenae
350 2811 499 2863 inferni
529 2813 705 2865 deputati
735 2831 755 2856 c
784 2823 863 2857 vita
891 2819 967 2858 hac
996 2824 1083 2860 sine
1110 2835 1178 2872 spe
1197 2825 1303 2873 quie-

193 2867 246 2901 tis
272 2870 515 2904 excesserint
530 2894 541 2906 .

252 2917 344 2954 510.
375 2920 464 2957 Inst.
485 2922 611 2972 primo
629 2948 638 2959 .
668 2923 708 2961 S.
731 2925 902 2965 Hilarius
930 2928 1064 2978 docet,
1093 2929 1243 2968 nonnisi
1265 2929 1305 2967 in

195 2982 309 3030 regno
330 2971 429 3020 Dei,
457 2975 555 3024 quod
580 2984 659 3026 post
689 2979 903 3017 universale
930 2980 1122 3033 judicium
1150 2981 1306 3021 inchoa-

194 3020 328 3071 bitur,
369 3024 524 3065 Sanctos
553 3029 695 3068 visione
724 3031 796 3070 Dei
826 3046 903 3072 esse
943 3035 1132 3075 beandos:
1179 3036 1308 3089 inquit

252 3148 301 3184 (a)
326 3144 500 3178 Nonnulla
527 3149 593 3181 alla
614 3152 730 3185 Sancti
752 3154 877 3187 Hilarii
906 3157 1127 3199 testimonia,
1153 3170 1229 3203 quae
1255 3169 1316 3191 110-

202 3190 257 3224 bis
284 3189 459 3224 adversari
496 3192 683 3236 videntur,
721 3200 985 3245 uberioremque
1020 3206 1220 3239 eorumdem
1256 3218 1318 3239 ex-

202 3237 427 3280 pliCationcm
463 3238 603 3273 exhibet
633 3244 844 3277 Mus-atomus
880 3250 923 3279 de
949 3248 1118 3283 Purusliso
1156 3264 1231 3298 cap.
1262 3266 1317 3286 11.

205 3286 235 3316 ἀ
265 3294 316 3318 12·
352 3285 411 3330 qui
439 3293 554 3319 tamen
580 3288 853 3333 fulgidissimum
877 3292 942 3328 hoc
970 3296 1134 3333 Ecclesiae
1160 3300 1316 3334 Gallica-

916 77 1318 123 DISSERTATIO
1352 78 1432 123 III.
1465 76 1596 122 CAP.
1619 78 1747 124 XIII.

1359 159 1463 198 enim
1494 161 1531 198 in
1560 159 1699 198 Psalm.
1732 158 1857 197 LXII.
1885 171 1926 197 n.
1957 159 1995 199 3.
2025 158 2096 199 hoc
2124 163 2279 200 animoe
2321 159 2474 201 deside·-

1360 216 1487 261 rium‚
1535 213 1619 250 hoec
1647 216 1732 250 sitis
1759 216 1839 260 spei
1869 213 1954 264 ejus
1983 223 2042 252 est
2059 245 2069 263 ‚
2107 225 2148 252 ut
2177 215 2254 254 Dei
2281 214 2352 253 sibi
2379 227 2470 265 pro-

1362 270 1494 304 veniat
1512 275 1695 317 aspectus
1711 292 1721 302 .
1751 265 1800 303 Et
1821 266 1908 303 Lib.
1930 267 1999 304 XI.
2029 268 2076 306 de
2100 268 2207 308 Trin.
2227 284 2268 307 n.
2291 270 2355 321 59.
2385 276 2471 305 tra-

1360 320 1426 358 det
1453 329 1590 357 autem
1607 349 1616 367 ,
1647 319 1770 371 inquit
1787 348 1798 366 ,
1831 318 2004 358 Christus
2024 321 2113 359 Deo
2133 322 2247 360 Patri
2275 334 2469 374 regnum,

1359 373 1410 414 ὠ
1438 383 1530 410 tunc
1559 386 1655 424 quos
1682 384 1850 424 regnum
1878 372 1972 412 Deo·
1994 374 2226 424 tradiderit,
2256 375 2391 414 Deum
2419 377 2474 414 νὶ-

1360 426 1527 465 debunt:
1556 440 1669 477 ergo,
1700 425 1776 462 ἃς..

1415 481 1505 518 511.
1537 478 1649 529 Hesp.
1678 478 1718 516 S.
1750 477 1944 518 Hilarium
1973 479 2034 519 his
2069 480 2168 520 locis
2192 493 2379 533 exponere
2406 479 2479 517 de-r

1362 532 1568 580 siderium,
1595 544 1672 584 quo
1691 532 1822 569 Sancti
1844 531 2031 584 flagrant,
2063 543 2101 572 ut
2131 535 2283 573 videant
2313 545 2475 585 regnum

1361 587 1434 624 Dei
1456 615 1467 633 ,
1496 585 1597 637 quod
1627 584 1798 622 Hilarius
1828 600 1849 622 a
1879 600 1989 638 regno
2017 587 2157 625 Christi
2188 587 2474 638 distinguebat,

1360 651 1436 677 non
1467 639 1623 690 quidem
1655 640 1692 675 in
1722 651 1793 686 en,
1824 647 1863 676 nt
1894 640 1937 678 in-
1963 653 2082 691 regno
2105 641 2246 679 Christi
2275 639 2385 678 nulla
2414 652 2475 676 es-

1360 701 1412 729 set
1440 691 1588 729 divinae
1614 694 1784 729 essentiae
1817 692 1939 740 visio,
1969 693 2033 730 sed
2061 694 2163 746 quod
2194 707 2268 732 non
2299 700 2397 741 essm,
2421 693 2476 731 ita.

1360 745 1525 797 perfecta
1543 776 1554 793 ,
1584 745 1617 781 8<
1645 744 1856 796 completa,
1898 747 2225 798 quemadmodum
2255 748 2324 784 erit
2355 747 2394 784 in
2417 758 2476 783 re-

1359 812 1433 849 gno
1464 799 1535 836 Dei
1553 826 1562 836 .
1605 798 1749 836 Eadem
1779 799 1900 837 ferme
1930 800 2072 836 ratione
2102 800 2202 838 idem
2231 800 2271 838 S.
2302 799 2478 837 Hilarius

1359 853 1400 889 in
1429 851 1571 890 Psalm.
1593 851 1718 890 LXV.
1747 865 1787 890 n.
1814 852 1874 889 15.
1903 851 2099 890 Christum
2129 853 2248 901 dicit,
2291 862 2386 890 tunc
2414 864 2486 889 ,so-1

1360 905 1443 941 lum
1471 908 1513 942 in
1541 908 1678 942 virtute
1707 918 1782 942 sua
1810 905 2002 942 soeculum
2023 905 2325 943 dominaturum
2343 935 2354 954 ,
2384 917 2478 942 cum

1360 962 1607 996 evacuaverit
1635 972 1797 996 omnem
1818 962 2085 1008 principatum
2103 989 2112 1007 ,
2142 959 2194 999 (¹⁵)-
2211 966 2477 1009 potestatem5

1359 1024 1435 1050 non
1463 1013 1573 1064 quasi
1603 1013 1714 1050 modo
1741 1025 1817 1050 non
1846 1013 2088 1060 dominetur,
2119 1013 2181 1050 sed
2211 1013 2304 1064 quia
2331 1025 2407 1050 non
2425 1013 2477 1050 ita

1360 1065 1526 1117 perfecte
1555 1066 1773 1103 dominatur
1794 1095 1805 1114 ,
1848 1067 1944 1112 sicut
1974 1065 2268 1114 dominabitur,
2316 1064 2473 1118 quando

1361 1120 1609 1156 evacuaverit:
1632 1132 1783 1157 omnem
1827 1119 2119 1169 principatum,
2161 1118 2196 1154 ἃ
2225 1127 2443 1171 potestatem
2466 1147 2479 1165 ,

1361 1171 1395 1208 &
1425 1173 1628 1210 novissima
1658 1173 1867 1210 destruetur
1895 1183 2023 1219 mors,
2053 1180 2094 1209 ut
2123 1173 2204 1223 ipse
2234 1172 2414 1210 Hilarius
2439 1184 2480 1210 se

1360 1225 1507 1263 ibidem
1537 1225 1733 1278 explicat.

1415 1279 1510 1317 512.
1539 1279 1627 1317 Inst.
1669 1277 1868 1317 secundm.
1911 1276 2016 1315 Idem
2045 1275 2086 1315 S.
2115 1276 2224 1316 Pater
2264 1279 2305 1316 in
2333 1276 2484 1315 Psalm.

1358 1331 1618 1370 CXXXVIII.
1648 1346 1695 1371 11.
1713 1346 1776 1371 20.
1806 1332 1913 1369 docet
1935 1360 1954 1379 ,.
1987 1343 2120 1368 omnes
2148 1332 2298 1369 animas
2326 1343 2371 1367 ea
2399 1342 2481 1367 esse

1359 1386 1556 1423 adstrictas
1586 1387 1802 1423 necessitate
1824 1414 1835 1432 ,
1877 1393 1916 1422 ut
1946 1393 2032 1436 postv
2068 1393 2229 1422 mortem
2274 1385 2313 1422 in
2345 1383 2484 1421 inferis

1358 1438 1620 1475 detineantur:
1665 1437 1878 1485 humanae,
1921 1438 2069 1489 inquit,
2100 1441 2178 1475 ista
2208 1438 2275 1475 Iex
2304 1439 2480 1474 necessi·

1358 1494 1454 1526 tatis
1483 1499 1542 1527 est
1563 1520 1573 1537 ,
1616 1499 1657 1528 ut
1686 1492 1920 1541 consepultis
1948 1490 2197 1540 corporibus,
2240 1489 2296 1528 ad
2325 1488 2477 1540 inferos

1359 1547 1515 1580 animae
1544 1543 1790 1582 descendant:
1807 1559 1822 1588 ,·
1851 1556 1975 1594 quam
2005 1543 2309 1582 descensionem
2337 1542 2482 1581 Domi-

1360 1609 1435 1634 nus
1465 1596 1519 1634 acl
1547 1601 1942 1636 consummationem
1971 1595 2241 1635 verilzominis·
2263 1608 2350 1633 non
2364 1608 2483 1635 recu-²

1360 1654 1463 1688 savit
1484 1675 1497 1687 .
2174 1666 2178 1670 ·

1416 1703 1509 1740 513.
1541 1701 1653 1755 Resp.
1683 1703 1730 1740 S.
1753 1702 1952 1741 Hilarium
1988 1701 2251 1742 tantummodo
2297 1709 2449 1754 putasse
2467 1730 2482 1750 ,

1361 1753 1535 1805 aliquam
1564 1768 1642 1791 esse
1677 1754 1800 1807 legem
1829 1756 2010 1794 omnibus
2052 1757 2273 1806 impositam
2303 1755 2352 1793 ad
2383 1756 2486 1793 inse-

1362 1819 1424 1844 ros
1440 1807 1688 1845 descendendi
1710 1837 1721 1855 ,
1750 1809 2077 1859 quemadmodum
2107 1807 2319 1858 Magister,
2348 1807 2490 1846 :ic-Re-

1363 1860 1536 1911 demptor
1557 1870 1679 1899 noster
1700 1861 1788 1898 fecit
1806 1875 1817 1906 ς
1845 1863 1946 1912 quod
1965 1863 2090 1899 etiam*
2105 1860 2375 1898 Tertullianus
2391 1860 2488 1899 Lib.

1363 1911 1412 1951 de
1441 1917 1587 1951 anima·
1615 1929 1701 1966 cap.
1726 1914 1789 1951 55.
1821 1914 1967 1968 aliique
2009 1912 2185 1952 nonnulli
2216 1922 2358 1952 veteres
2399 1914 2483 1965 opi-

1363 1967 1439 2004 nati
1469 1977 1578 2014 sunt3
1607 1981 1680 2005 non
1701 1976 1827 2005 autem
1853 1977 1893 2006 ut
1921 1968 1985 2006 ibi:
2007 1976 2191 2020 perpetuo
2219 1975 2416 2005 manerent
2439 1981 2482 2005 u·

1361 2033 1455 2071 sque
1481 2021 1527 2058 ad
1559 2023 1745 2059 universae
1775 2023 1899 2060 carnis
1928 2022 2270 2069 resurrectionem,
2299 2019 2492 2060 beatifica..

1361 2071 1436 2110 Dei
1467 2075 1611 2112 visione
1640 2075 1791 2113 orbatae·
1808 2101 1826 2113 ..

1419 2126 1511 2172 514.
1542 2129 1627 2166 Inst.
1658 2129 1789 2166 tertio.
1820 2127 2146 2178 Quotiescumque
2165 2124 2206 2164 S.
2228 2124 2403 2163 Hilarius
2432 2125 2482 2163 de

1361 2187 1457 2217 statu
1487 2183 1706 2219 animarum
1739 2190 1819 2234 post
1849 2191 2008 2220 mortem
2038 2180 2233 2232 loquitur,
2263 2192 2325 2216 eas
2354 2177 2483 2215 solum.

1362 2245 1441 2270 esse
1469 2233 1510 2270 in
1553 2234 1637 2274 loco
1676 2238 1817 2287 quietis
1858 2235 2017 2273 asserit:
2058 2246 2149 2284 ergo
2190 2244 2261 2269 non
2302 2231 2351 2268 in·
2384 2239 2486 2278 statu.

1363 2299 1522 2324 visionis
1543 2315 1554 2325 .

1419 2340 1512 2378 515.
1545 2340 1663 2393 Respa
1686 2342 1783 2380 Cum
1813 2341 1856 2380 S.
1885 2340 2087 2387 Hilarius,
2128 2337 2274 2390 aliique
2302 2336 2484 2377 nonnulli

1366 2391 1493 2430 Patres
1521 2404 1720 2443 asserunt,
1749 2397 1899 2434 animas
1927 2397 2203 2445 requiescere,
2234 2404 2308 2429 non
2338 2389 2480 2430 intelli-

1366 2455 1458 2496 gunt
1488 2446 1680 2497 placi-dam
1711 2447 1818 2485 illam
1861 2449 2030 2500 quietem
2052 2477 2063 2494 ,
2105 2458 2237 2484 somno
2279 2443 2445 2482 similem
2468 2473 2482 2493 ‚

1365 2513 1442 2550 qua
1471 2501 1677 2539 adversarii
1709 2501 1883 2553 fingunt,
1913 2503 2069 2540 animas
2093 2500 2254 2537 detineri
2284 2511 2404 2550 usque
2433 2498 2484 2537 ad

1366 2555 1679 2593 resurrectionem
1708 2568 1913 2607 corporum
1930 2585 1940 2602 ,
1977 2554 2088 2607 quasi
2115 2553 2280 2591 dixerim
2309 2553 2450 2603 sopitas
2470 2580 2484 2598 ‚

1364 2619 1440 2643 non
1471 2621 1579 2645 secus
1603 2622 1647 2645 ac
1677 2609 1819 2646 infecta
1847 2609 2027 2660 quaedam
2069 2603 2252 2661 brumali·
2284 2612 2482 2656 tempore5

1364 2660 1428 2696 sed
1458 2660 1675 2712 intelligunt
1703 2661 1855 2700 beatam
1884 2662 2004 2700 vitam
2034 2661 2073 2697 in
2101 2656 2202 2696 coelo
2243 2659 2360 2708 Justis-
2397 2669 2484 2709 pro-

1366 2713 1543 2761 missam,
1586 2715 1632 2752 de
1673 2729 1748 2767 qua
1781 2714 1982 2767 Apostolus
2023 2713 2148 2764 inquit
2178 2711 2278 2748 Heb.
2314 2710 2384 2748 IV.
2420 2722 2483 2748 11.

1354 2765 1604 2817 festinemus
1624 2767 1778 2820 ingredi
1807 2772 1847 2806 in
1877 2769 1990 2805 illam
2011 2768 2187 2817 requiem
2209 2790 2220 2802 .
2250 2762 2360 2801 Unde
2381 2763 2487 2802 idem

1371 2819 1412 2856 S.
1442 2819 1613 2858 Hilarius
1642 2822 1682 2859 in
1711 2820 1810 2859 Psal.
1840 2821 1941 2859 XCI.
1972 2836 2011 2860 n.
2033 2833 2072 2872 9.
2101 2818 2144 2856 Si
2176 2816 2377 2864 Christus,
2408 2817 2484 2864 ait,

1371 2871 1451 2910 Dei
1479 2878 1631 2923 requies
1659 2883 1718 2912 est
1738 2905 1748 2923 ,
1779 2888 1878 2927 ergo-
1902 2875 1939 2912 hi
1961 2905 1972 2923 ,
2000 2877 2066 2925 qui
2094 2876 2135 2910 in
2159 2869 2311 2908 Christo
2341 2878 2482 2918 erunt,

1372 2935 1485 2964 erunt
1515 2931 1555 2964 in
1585 2927 1662 2964 Dei
1692 2933 1850 2979 requie.
1881 2928 1987 2976 Quid
2016 2935 2142 2966 autem
2171 2931 2225 2961 est
2254 2924 2291 2960 in
2322 2923 2392 2960 Dei
2424 2936 2484 2960 re-

1371 2981 1463 3033 quie
1493 2994 1569 3018 esse
1587 3011 1597 3028 ,
1629 2982 1699 3019 nisi
1730 2982 1812 3033 ejus
1840 2982 2018 3020 beatifica
2046 2979 2193 3017 visione
2224 2975 2327 3015 frui?
2358 2974 2456 3027 (a)?

1428 3032 1522 3072 516.
1550 3034 1643 3086 Obj.
1672 3036 1836 3074 secundo
1862 3048 1908 3072 ex
1928 3034 1970 3073 S.
1990 3031 2218 3078 Ambrosio,
2248 3031 2315 3082 qui
2336 3028 2483 3120 inclini).

2411 3095 2433 3121 e

1366 3168 1419 3190 na:
1445 3156 1563 3189 lumen
1591 3158 1696 3190 fuisse
1721 3154 1911 3202 aliqnando
1934 3152 2188 3187 Chiliastarum
2225 3153 2398 3197 figmentis
2425 3151 2486 3185 de-

1368 3212 1506 3247 ceptum
1536 3205 1757 3248 suspicatur,
1796 3207 1828 3236 &
1854 3200 1941 3235 illud
1967 3200 2084 3232 Sancti
2113 3200 2320 3243 Hieronymi
2347 3197 2484 3231 dictum

1367 3251 1480 3294 Epist.
1514 3261 1587 3293 107.
1616 3250 1655 3283 :ul
1684 3253 1840 3284 Laetam:
1867 3248 2002 3280 Hilarii
2031 3247 2138 3278 libros
2164 3247 2334 3288 inoffenso
2360 3247 2485 3294 decur-

1367 3305 1420 3332 rat
1442 3297 1530 3342 pede
1545 3317 1557 3338 ,
1582 3296 1736 3334 indicare
1754 3298 1831 3331 vult
1858 3293 2103 3335 tenebrosam,
2130 3293 2385 3328 &intricatam
2408 3301 2487 3336 ejus
