2577 3633
974 93 994 111 S

265 182 324 227 66

203 274 244 299 re
273 256 451 309 intrepidi
482 254 515 293 8t
554 253 764 295 doctissimi
792 255 1080 307 Angustissimae
1110 253 1309 292 Trinitatis

202 313 437 356 defensores3
480 324 524 348 ac
553 313 648 348 inter
677 309 770 348 alios
811 311 984 360 primum
1025 307 1145 344 veluti
1181 306 1309 344 locum

201 365 274 403 sibi
304 365 469 403 vindicat
496 363 534 401 S.
560 363 730 401 Hilarius
759 362 1001 399 Pictaviensis
1030 360 1241 413 Episcopus
1271 362 1309 398 in

201 417 360 465 Gallia,
390 418 457 470 qui
486 416 617 455 multis
646 417 754 454 editis
783 414 892 452 libris
923 413 1080 452 Arianos
1109 416 1244 452 acriter
1273 429 1310 451 e-

199 472 411 522 xagitavit3
453 483 584 508 eorum
626 477 825 521 propterea
866 467 1048 505 violentia
1075 482 1097 504 a
1124 468 1208 505 sede
1244 481 1311 505 sua

200 525 333 575 pulsus
364 525 402 561 in
430 522 597 575 Phrygia
625 523 690 559 diu
720 534 845 558 errare
875 529 1023 558 coactus
1052 521 1149 569 fuit,
1191 521 1309 558 donec

200 577 354 614 tandem
375 592 437 614 an.
460 576 551 615 560.
580 574 721 613 Galliae
753 574 941 611 restitutus
961 572 1173 611 Ecclesiam
1189 573 1310 611 Picta-

201 631 367 668 viensem
398 631 434 668 in
464 641 556 680 pace
600 639 718 679 usque
746 628 793 665 ad
833 626 980 664 obitum
1027 629 1218 665 novennio
1246 628 1310 664 ad-

203 684 433 721 ministravit
465 683 553 731 (a).
584 680 685 717 Huic
715 679 979 730 adjungendus
1009 689 1061 717 est
1089 680 1129 718 S.
1151 680 1310 718 Phaeba-

201 738 286 774 dius
315 737 457 787 pariter
487 733 621 771 Gallus
652 733 849 784 Aginensis
879 733 1092 785 Episcopus
1122 733 1206 784 (b).

260 802 323 839 29.
353 789 394 825 ln
424 786 531 824 Italia
560 786 681 824 Verbi
711 787 952 825 divinitatem
995 796 1123 824 contra
1153 788 1311 825 Arianos

199 855 338 892 magna
367 841 589 878 eruditionis
617 840 727 892 copia
745 870 755 887 ‚
785 839 818 876 &
847 839 1026 876 doctrinae
1058 840 1311 892 profunditate

199 902 438 933 asseruerunt
485 893 525 931 S.
555 892 779 931 Ambrosius
825 890 1119 931 Mediolanensis
1152 893 1312 932 Antistes

201 948 258 1000 (c)
276 978 286 995 ‚
315 946 349 983 ὃς
378 947 418 985 S.
449 945 552 983 Zeno
582 945 792 999 Episcopus
819 944 1047 983 Veronensis
1079 946 1138 997 (d)
1159 973 1169 984 .

255 1001 318 1040 30.
349 1000 390 1037 In
422 1000 553 1038 Africa
581 1008 710 1037 autem
728 1030 737 1047 ‚
768 999 836 1037 ubi
865 999 1109 1050 regnantibus
1139 999 1311 1037 Wanda-

199 1053 245 1092 lis
275 1055 417 1091 diutius
447 1053 666 1105 perduravit
695 1053 840 1091 Ariana
869 1051 978 1100 lues,
1021 1066 1089 1104 pro
1126 1053 1313 1091 catholica

200 1107 396 1145 Trinitatis
426 1107 501 1144 fide
529 1105 760 1144 vindicanda
800 1106 967 1143 maxime
1009 1107 1242 1144 decertarunt
1271 1106 1310 1144 S.

201 1162 433 1212 Augustinus
464 1159 548 1211 (e),
591 1159 631 1197 S.
663 1158 884 1210 Fulgentius
923 1157 1126 1210 Ruspensis
1153 1160 1312 1212 Episco-

199 1227 273 1265 pus
303 1212 375 1265 (f)
395 1243 404 1260 ,
435 1212 604 1265 vigilius
634 1211 840 1264 Tapsensis
871 1211 930 1262 (g)
949 1241 958 1258 ,
989 1212 1022 1248 8<
1051 1222 1137 1250 ante
1178 1212 1244 1251 hos
1273 1226 1313 1250 o-

200 1281 309 1305 mnes
340 1266 487 1304 Marius
518 1265 735 1303 Victorinus
765 1264 855 1302 Afer
886 1263 944 1314 (71)
963 1291 973 1301 .

255 1320 319 1358 51.
348 1319 494 1356 Claruit
524 1320 635 1356 etiam
667 1320 705 1355 in
733 1316 836 1354 bello
864 1326 992 1353 contra
1023 1318 1180 1355 Arianos
1200 1318 1314 1356 Luci-

200 1374 258 1410 fer
278 1373 516 1410 Calaritanus
546 1369 693 1421 (cujus
723 1368 835 1420 plura
863 1382 978 1420 opera
1009 1369 1130 1407 Tomo
1150 1371 1219 1408 IX.
1252 1372 1313 1408 Bi-

199 1425 399 1463 biiothecae
429 1424 649 1461 Parisiensis
670 1423 794 1460 sanct.
812 1421 964 1459 Patrum
995 1423 1134 1460 inserta
1163 1433 1247 1460 sunt
1267 1422 1282 1469 )
1302 1453 1312 1471 ‚

201 1492 422 1530 quanquam
452 1479 533 1529 ipse
563 1485 689 1528 postea
717 1474 880 1513 conflato
908 1474 1111 1513 schismate
1141 1476 1312 1514 aCatho-

201 1531 287 1570 licis
315 1546 352 1568 se
372 1532 579 1582 segregavit
599 1556 609 1566 .
639 1529 740 1567 Eum
757 1538 902 1566 secutus
919 1537 969 1566 est
998 1529 1092 1567 inter
1113 1529 1206 1567 alios
1220 1543 1314 1582 pau-

203 1598 265 1624 cos
294 1585 498 1624 Faustinus
527 1582 755 1635 Presbyter,
787 1584 802 1634 (
833 1580 944 1633 cujus
972 1581 1073 1621 liber
1100 1592 1232 1622 contra
1260 1583 1312 1621 A·

258 1778 305 1811 (a)
335 1770 481 1814 Scripsit
508 1770 542 1802 S.
567 1769 723 1802 Hilarius
750 1765 931 1801 duodecim
965 1767 1073 1802 libros
1097 1772 1140 1802 cle
1166 1767 1320 1803 Trinita-

214 1827 275 1859 te,
301 1827 376 1851 tum
395 1816 525 1848 librum
551 1817 594 1847 de
611 1815 794 1858 Srnoclis,
820 1827 879 1846 seu
905 1817 947 1846 de
964 1815 1046 1857 fide
1070 1816 1321 1855 Orientalium,

209 1877 295 1904 uma
322 1875 401 1896 cum
426 1861 502 1904 ejus
526 1860 707 1904 apologia3
743 1862 775 1891 δε
801 1868 869 1892 tres
903 1860 1010 1892 libros
1042 1859 1205 1893 adversus
1233 1863 1325 1894 Con-

210 1924 226 1944 s
251 1911 386 1943 antium
403 1908 681 1951 imperatorem,
708 1917 856 1948 quorum
884 1906 1006 1938 tertius
1034 1907 1226 1940 invectivas
1243 1918 1324 1940 con·

210 1955 300 1990 tinet
328 1954 513 1988 admodum
551 1964 674 1986 acres.
711 1950 831 1984 Edidit
867 1963 1002 1996 qnoque
1042 1952 1172 1985 librum
1200 1962 1322 1986 contra

211 2002 428 2038 Auxentium
454 1999 663 2042 Episcopum
697 1996 994 2030 Mediolanensem
1019 1999 1190 2031 Ariannm
1226 2000 1319 2032 circa

211 2061 267 2081 an.
283 2049 361 2081 365.
390 2046 565 2078 Habemus
584 2044 690 2076 etiam
715 2041 871 2085 ejusdem
885 2044 918 2074 S.
939 2044 1065 2075 Hilarii
1090 2056 1202 2087 opus„
1227 2044 1319 2089 qnod

207 2095 484 2138 Fragmentorzzm
515 2089 664 2122 dicitur.
701 2086 766 2121 Sed
791 2086 832 2120 de
857 2087 932 2133 ejus
974 2089 1240 2134 interpolatione
1265 2090 1318 2123 di-

208 2151 306 2174 cetur
333 2139 477 2171 inferius
493 2159 501 2167 .

260 2189 310 2223 (b)
337 2187 370 2218 S.
399 2180 602 2216 Phaebadius
635 2178 749 2214 dictus
775 2188 827 2213 est
861 2180 967 2214 etiam
993 2178 1222 2225 Phaegadius,
1259 2183 1319 2216 Se-

208 2232 358 2272 badius,
393 2234 424 2262 &
450 2227 668 2262 Phaetadius.
706 2227 793 2271 Ejus
818 2227 908 2260 liber
933 2227 987 2259 De
1015 2227 1184 2261 Trinitate
1210 2241 1228 2261 a
1255 2229 1318 2262 Pe-

207 2289 263 2313 tro
299 2278 430 2310 Pithaeo
455 2275 594 2308 Parisiis
631 2272 743 2306 editus
780 2281 830 2305 est
873 2279 964 2306 ‘anno
993 2274 1093 2307 1586.
1120 2275 1316 2320 iterumque

207 2323 338 2371 prodiit
376 2321 596 2357 Francofurti
631 2332 722 2353 anno
750 2320 851 2353 1623.
877 2320 912 2352 in
937 2320 970 2353 8.
1004 2332 1023 2353 a
1055 2321 1208 2365 Gaspare
1234 2323 1319 2355 Bar-

207 2372 283 2405 thio
308 2372 504 2403 illustratus
524 2391 532 2399 .

255 2423 302 2456 (c)
330 2419 420 2449 inter
448 2416 515 2448 alia
542 2412 647 2457 hujus
675 2414 708 2445 S.
723 2412 883 2446 Doctoris
909 2412 1042 2455 scripta
1069 2411 1103 2445 in
1130 2410 1195 2446 hac
1213 2425 1318 2447 cansa

208 2465 363 2498 eminent
392 2462 489 2495 Libri
510 2461 552 2493 V.
581 2462 622 2492 de
642 2459 728 2493 Fide
753 2461 799 2498 ad
820 2459 1047 2498 Gratianum,
1075 2459 1134 2503 qui
1159 2460 1318 2504 aliquan-

211 2511 255 2544 do
281 2510 378 2543 citati
405 2516 485 2542 sunt
510 2518 589 2540 cum
615 2507 720 2539 titulo
742 2507 784 2538 de
811 2505 1006 2544 Trinitate,
1041 2507 1073 2536 &
1096 2516 1180 2548 quos
1204 2507 1317 2539 omni-

211 2557 277 2591 bus
302 2556 464 2601 operibus
486 2575 496 2593 ,
536 2565 612 2596 quae
640 2561 760 2585 contra
786 2552 933 2585 Arianos
967 2549 1193 2594 prodierunt,
1229 2563 1318 2596 prae-

212 2601 369 2635 ferendos
399 2608 512 2634 censet
542 2598 628 2631 Lud.
655 2599 761 2632 Ellies
780 2599 898 2642 Dupin
916 2597 1002 2630 [Vov-
1028 2596 1195 2632 Biblioth.
1217 2599 1319 2632 Scri-

213 2659 301 2693 ptor.
329 2647 539 2681 Ecclesiast.
568 2646 678 2678 Tomo
696 2647 737 2677 H.
762 2655 840 2689 pag.
857 2655 887 2676 ι’..

259 2696 310 2733 (d)
337 2694 386 2726 De
413 2694 476 2726 hoc
505 2694 537 2724 S.
565 2692 665 2724 Patre
691 2689 890 2723 consulendi
917 2697 997 2722 sunt
1034 2686 1102 2721 duo
1126 2687 1322 2723 eruditissi-

215 2742 263 2775 zni
291 2741 415 2772 fratres
442 2739 560 2772 Petrus
581 2759 591 2777 ,
618 2741 649 2770 <Sc
667 2739 902 2781 Hieronymus
928 2735 1107 2768 Ballerinii
1133 2736 1169 2767 in
1194 2734 1321 2768 disser-

216 2786 409 2821 tationibus
433 2785 623 2830 praemissis
655 2783 799 2817 editioni
828 2783 934 2828 ipsius
959 2784 1112 2826 Operum
1139 2794 1194 2814 an.
1217 2783 1321 2825 1739.

264 2843 295 2870 (e
342 2833 375 2864 S.
404 2831 588 2875 Augustini
623 2832 751 2874 scripta
779 2838 899 2863 contra
926 2830 1074 2862 Arianos
1101 2829 1323 2861 continentur

218 2879 330 2913 Tomo
347 2879 438 2911 Vm.
465 2876 548 2909 edit.
576 2877 795 2916 Maurinor.,
833 2884 982 2918 suntque
1008 2875 1112 2908 Liber
1137 2887 1218 2907 nmis
1245 2887 1325 2907 con-

217 2933 270 2957 tra
297 2925 488 2957 Sermonem
513 2924 738 2963 Arianorzzm,
777 2923 928 2955 Collatia
958 2934 1028 2954 cnm
1052 2921 1248 2953 Affaximino
1274 2921 1327 2954 Α·

219 2975 383 3003 rianornm
410 2970 609 3014 Episcopo,
647 2970 742 3002 Libri
776 2970 839 3002 clito
879 2977 997 3001 contra
1034 2968 1181 3001 eumdem
1208 2968 1326 3000 Maxi-

219 3021 337 3049 minum
358 3039 366 3055 ‚
391 3030 431 3049 ac
456 3018 550 3049 Libri
571 3015 649 3047 XV.
676 3017 719 3048 de
745 3014 938 3048 Trim‘tare.

265 3062 317 3105 (f)
341 3064 373 3094 S·
400 3064 602 3105 Fulgentius
639 3063 778 3106 scripsit
805 3056 940 3094 Librum
976 3068 1094 3093 contra
1132 3061 1325 3093 Sermonem

220 3107 417 3141 Fastidiosi
446 3109 631 3148 lilonaclii,
664 3110 722 3153 qui
750 3106 792 3140 ad
818 3109 947 3141 Ariana
974 3116 1088 3138 castra
1123 3105 1323 3145 (lefecerat5

223 3158 255 3187 &
293 3155 441 3186 alterum
467 3155 600 3186 Librum
634 3163 752 3188 contra
787 3156 902 3187 decem
939 3154 1149 3199 objectiones
1174 3154 1326 3186 Ariano-

221 3214 293 3233 rnm
313 3223 320 3230 .
345 3200 510 3232 Arina-un
537 3199 694 3233 hau-esim
722 3202 826 3233 etiam
854 3200 982 3233 refellit
1009 3201 1043 3232 in
1058 3198 1160 3232 Libro
1185 3201 1228 3232 cle
1244 3199 1325 3243 fide

219 3247 411 3280 orthodoxa
435 3247 480 3277 ad
506 3245 693 3277 Damnum.

268 3298 318 3336 (g,>
348 3291 434 3335 Ejus
459 3303 562 3335 opera
590 3292 726 3323 Divioni
753 3291 859 3323 edidit
885 3293 1005 3325 Petrus
1033 3291 1156 3324 Franc.
1183 3291 1327 3325 Chiffle-

225 3340 295 3371 tius
321 3350 410 3370 anno
434 3337 532 3369 1665.
560 3337 648 3369 Huic
676 3338 815 3369 Auctori
855 3339 963 3369 multa
998 3338 1205 3371 tribuuntur
1241 3349 1326 3381 opu-

227 3385 323 3417 scula
349 3385 460 3417 alieno
485 3383 622 3417 nomine
648 3383 786 3426 vulgata
802 3403 813 3422 ,
838 3381 878 3415 de
903 3384 1029 3427 quibus
1055 3384 1187 3417 consuli
1213 3390 1325 3428 potest

895 171 1299 220 DISSERTATIO
1333 171 1430 225 111„
1458 171 1586 216 CAP.
1619 170 1697 215 IV.

1376 254 1499 290 rianos
1547 251 1706 289 habetur
1735 250 1774 287 in
1804 245 1927 287 Tomo
1947 248 2018 288 IV.
2048 248 2231 292 Biblioth.
2260 251 2389 293 Sanct.
2418 250 2489 295 Pa-

1375 314 1476 343 trum
1507 304 1630 342 Paris.
1660 303 1676 351 )
1707 304 1831 354 Atque
1859 301 2019 352 horum,
2051 304 2290 360 aliorumque
2319 309 2408 347 fidei
2425 322 2487 347 or-

1376 358 1548 396 thodoxae
1577 357 1818 394 defensorum
1846 368 1988 406 opera,
2021 356 2162 396 Ariana
2192 361 2367 413 impietas
2395 364 2490 402 adeo

1376 424 1592 463 compressa
1620 416 1768 456 est‚·ut
1796 423 1925 447 versus
1953 409 2072 447 finem
2102 412 2234 449 saeculi
2266 415 2333 453 IV.
2362 431 2384 453 a
2413 425 2490 454 toto

1378 464 1551 501 Romano
1566 463 1729 515 imperio
1744 462 1822 499 fere
1843 461 2077 500 exulaverit:
2107 463 2229 502 solum
2250 469 2352 517 apud
2366 468 2491 508 Wan-

1377 516 1482 554 dalos
1498 547 1508 565 2
1539 515 1572 551 &
1593 514 1735 554 Gothos
1763 515 1956 567 refugium
1987 516 2182 553 inveniens
2199 544 2210 554 .
2241 517 2283 556 In
2304 519 2492 572 Hispania.

1378 571 1490 607 etiam
1539 570 1759 621 perduravit
1800 583 1919 620 usque
1954 570 2001 607 ad
2032 569 2172 621 Regem
2203 569 2492 622 Reccaredum,

1377 623 1422 660 de
1451 620 1560 673 cujus
1589 623 1831 660 conversione
1859 623 1940 660 vid.
1970 622 2175 661 Marianna
2195 624 2285 663 Lib.
2304 625 2354 664 V.
2385 626 2494 664 Hist-

1378 674 1493 726 Hisp.
1523 689 1557 735 c.
1584 674 1644 720 14.
1674 676 1798 726 Atque
1819 675 1870 713 ita
1899 676 2077 727 pestifera
2096 676 2180 716 haec
2209 677 2365 717 haeresis
2383 693 2493 733 pror-

1377 742 1439 766 sus
1469 736 1634 765 extincta
1661 738 1768 766 erat.

1433 782 1498 819 52.
1528 780 1788 819 Veruntamen
1818 780 1961 819 saeculo
1981 781 2090 820 XVI.
2134 782 2306 824 Avorum
2349 794 2492 824 nostro-

1378 847 1465 872 rum
1495 836 1680 872 memoria
1708 848 1784 872 una
1825 848 1913 872 cum
1957 836 2388 887 pseudo-reformatione
2418 839 2494 878 Ec-

1378 887 1504 925 clesiae
1556 889 1693 926 iterum
1735 889 1975 927 Arianismus
2026 890 2164 941 prodiit
2209 903 2232 928 a
2275 892 2493 931 Socinianis

1379 942 1574 979 suscitatus
1588 970 1599 989 ,
1629 942 1675 978 de
1695 941 1837 994 quibus
1866 943 1905 979 in
1935 943 2060 994 prima
2077 941 2233 982 Dissert.
2255 945 2399 983 dictum
2416 954 2494 984 est·

1377 994 1573 1032 Sociniani
1604 996 1704 1032 enim
1733 1007 1864 1032 omnes
1893 995 2006 1032 simul
2038 1009 2180 1034 errores
2209 997 2398 1047 sabellii,
2441 999 2495 1037 A·

1378 1048 1450 1094 rii,
1468 1047 1617 1086 Photini
1635 1077 1645 1095 ,
1667 1047 1910 1100 aliarumque
1931 1047 2153 1098 hujusmodi
2175 1053 2338 1100 pestium
2356 1081 2366 1100 ,
2396 1065 2494 1103 qua-

1379 1101 1409 1137 si
1439 1101 1477 1137 in
1506 1114 1582 1138 una
1610 1102 1757 1139 sentina
1798 1101 2090 1149 coadunarunt,
2138 1102 2172 1138 8<
2202 1117 2292 1142 cum
2321 1104 2495 1143 Sabellio

1380 1153 1539 1201 docent,
1585 1156 1736 1192 nonnisi
1781 1167 1897 1191 unam
1944 1169 2022 1192 esse
2050 1155 2222 1193 divinam
2265 1170 2493 1209 personam;

1380 1220 1469 1243 cum
1491 1207 1583 1244 Ario
1602 1215 1738 1258 negant
1757 1220 1886 1244 veram
1904 1236 1915 1254 ‚
1943 1208 2381 1263 consubstantialemque
2398 1211 2496 1248 Ver-

1379 1259 1422 1297 bi
1464 1259 1728 1305 divinitatem3
1777 1273 1820 1296 ac
1862 1259 2018 1297 demum
2060 1274 2150 1299 cum
2178 1261 2335 1301 Photino
2361 1264 2495 1302 Jesum

1380 1312 1575 1350 Christum
1617 1311 1855 1349 servatorem
1900 1321 2069 1349 nostrum
2113 1327 2254 1364 purum
2295 1315 2496 1354 hominem

1380 1365 1516 1412 fuisse,
1564 1363 1862 1417 blasphemant.
1905 1364 2199 1403 Socinianorum
2229 1375 2328 1405 secta
2356 1368 2496 1406 multos

1379 1416 1474 1454 olim
1504 1417 1708 1470 proselytos
1738 1418 1860 1465 fecit,
1890 1430 1961 1456 nec
1990 1431 2129 1470 paucos
2158 1420 2273 1458 etiam
2300 1428 2425 1459 nostra
2443 1433 2496 1457 ae-

1378 1478 1452 1507 ta'te
1480 1479 1674 1514 sectatores
1717 1470 1859 1518 habet,
1901 1471 1949 1508 ad
1979 1485 2139 1523 eamque
2168 1472 2299 1526 plures
2329 1487 2374 1512 ex
2403 1473 2494 1512 Pro-

1378 1524 1604 1563 testantibus
1631 1525 1802 1577 quotidie
1829 1524 2012 1563 deficiunt
2042 1526 2090 1577 (ι’)
2107 1551 2118 1564 .

2355 1633 2440 1674 CA-

1385 1762 1480 1799 laud.
1507 1764 1706 1799 Chisfletius
1747 1766 1783 1798 in
1809 1764 1989 1799 T'indiciis
2025 1778 2158 1810 operum
2183 1764 2313 1810 Vigila·
2347 1764 2497 1808 Tapserz-

1391 1816 1443 1844 sis
1463 1833 1473 1851 ‚
1500 1814 1532 1843 &
1546 1820 1672 1855 praeter
1696 1823 1776 1844 eum
1800 1813 1907 1844 etiam
1926 1811 2129 1845 Sirmoudus
2155 1811 2190 1843 in
2209 1813 2299 1844 notis
2317 1811 2358 1844 ad
2379 1813 2494 1852 Theo-

1392 1857 1563 1901 dulpluun
1601 1859 1645 1890 de
1672 1858 1806 1899 Spiritu
1832 1857 1984 1898 Sancto,
2026 1869 2065 1890 ac
2091 1858 2299 1900 Quesnellus
2337 1856 2497 1892 Disserc.

1392 1904 1490 1936 XVI.
1516 1904 1551 1935 in
1577 1904 1692 1947 Opera
1717 1905 1750 1935 S.
1778 1903 1901 1935 Leonis
1918 1926 1927 1935 .

1439 1950 1489 1989 (h)
1519 1949 1584 1981 Hic
1606 1948 1721 1982 floruit
1748 1949 1811 1982 snb
1830 1950 2059 1990 Consrantio,
2086 1953 2118 1981 &
2144 1948 2233 1982 obiit
2259 1957 2338 1982 ante
2363 1961 2497 1983 annum

1389 1996 1470 2038 378.
1512 1995 1600 2038 Ejus
1632 2006 1736 2039 opera
1769 1996 1995 2029 continentur
2028 1997 2062 2028 in
2088 1996 2147 2029 IV.
2178 1996 2289 2028 Tomo
2323 1996 2494 2030 Biblioth.

1388 2042 1508 2074 Sanct.
1534 2040 1670 2074 Patr-am
1705 2041 1944 2075 parisiensis.
1985 2043 2036 2075 De
2061 2043 2147 2076 Ario
2172 2050 2308 2083 autem,
2349 2042 2495 2087 ejusque

1385 2086 1510 2120 haeresi
1535 2096 1664 2132 praeter
1687 2088 1851 2121 Natalem
1877 2087 2115 2121 Alexandrum
2154 2089 2240 2121 Saec.
2273 2089 2332 2121 lV.
2357 2100 2433 2133 cap.
2461 2090 2496 2122 3.

1386 2143 1453 2166 art.
1482 2135 1536 2173 3.,
1562 2134 1767 2174 Fleurium,
1791 2134 1934 2166 Orsium
1950 2155 1960 2172 ,
1985 2135 2139 2178 aliosque
2160 2135 2372 2174 Historicos,
2398 2133 2496 2167 vide-

1387 2180 1416 2211 ri
1442 2189 1586 2223 possunt
1613 2179 1862 2212 Tillemontius
1886 2178 1985 2212 Hist.
2011 2181 2055 2212 de
2079 2182 2104 2212 l'
2121 2181 2320 2212 Arianisme
2335 2201 2346 2219 ,
2381 2179 2495 2213 Gode-

1383 2224 1494 2258 fridus
1521 2226 1690 2258 Hermant
1719 2226 1754 2256 in
1780 2228 1848 2257 vita
1865 2225 1904 2256 S.
1925 2225 2138 2266 Athanasii,
2162 2225 2214 2257 Jo·
2243 2223 2413 2258 Hermant
2426 2225 2497 2258 Hi-

1386 2276 1492 2305 stoire
1518 2273 1582 2304 des
1607 2271 1776 2304 Heresies
1796 2292 1808 2311 ‚
1843 2274 1874 2304 δε
1901 2271 2061 2316 Cajetani
2088 2272 2246 2305 Travasa
2270 2269 2355 2306 Vita
2379 2273 2417 2305 cli
2443 2272 2497 2306 A-

1385 2323 1438 2352 rio
1462 2322 1656 2351 eresiarca.

1432 2369 1473 2403 (ι’)
1506 2365 1645 2397 Samuel
1671 2362 1855 2397 Clarchins
1888 2365 1924 2397 in
1950 2376 2013 2398 suo
2037 2364 2147 2398 libro:
2175 2363 2225 2397 La
2251 2362 2420 2397 Docti-ine
2451 2365 2499 2397 de

1386 2412 1409 2445 Z'
1425 2411 1588 2444 Ecritzzre
1614 2411 1774 2444 touchant
1798 2411 1832 2443 la
1847 2411 1982 2444 Trinite'
1998 2411 2205 2455 Symbolum
2219 2408 2402 2443 Nicaenum
2416 2421 2499 2442 cum

1385 2458 1597 2491 Arianorum
1623 2456 1850 2500 blasphemiis
1877 2458 2062 2491 conciliare
2081 2457 2236 2501 primum
2261 2464 2405 2489 conatus
2423 2465 2501 2496 est;

1385 2512 1462 2548 post
1489 2512 1605 2536 autem
1631 2501 1666 2535 id
1692 2503 1788 2536 factu
1814 2512 1887 2536 tam
1911 2504 2125 2548 impossibile
2150 2501 2296 2542 videns,
2321 2513 2427 2547 qnam
2445 2510 2499 2534 te·

1385 2550 1510 2583 nebras
1539 2549 1646 2582 simul
1671 2560 1750 2581 cum
1776 2549 1852 2582 luce
1880 2561 2084 2594 componere
2101 2571 2112 2590 ‚
2136 2549 2321 2582 Nicaenum
2347 2548 2499 2592 Symbo-

1385 2596 1459 2629 lum
1485 2606 1601 2640 aperte
1628 2595 1775 2639 rejecit.
1814 2594 1879 2628 Sed
1906 2594 2110 2629 Clarckium
2150 2596 2255 2628 fuisse
2290 2594 2430 2627 demum
2456 2591 2501 2626 ad

1385 2642 1572 2675 sanitatem
1597 2652 1802 2682 reversum,
1836 2642 2034 2675 convictum
2061 2643 2096 2675 in
2121 2641 2356 2685 disputatione
2381 2639 2503 2672 habita

1389 2700 1468 2721 cum
1495 2687 1706 2722 Havvarden
1743 2689 1893 2722 Doctore
1919 2689 2114 2728 Duacensi,
2150 2696 2270 2720 narrat
2308 2694 2429 2720 auctor
2464 2696 2501 2716 e-

1390 2734 1496 2779 gregii
1524 2735 1633 2775 libri,
1658 2735 1713 2768 cui
1740 2735 1886 2768 titulus:
1928 2735 1968 2767 L'
1985 2737 2102 2768 oracle
2127 2737 2190 2768 des
2215 2744 2383 2766 nouveanx
2411 2730 2499 2763 Phi-

1391 2781 1574 2824 losophes‚
1610 2794 1694 2824 pour·
1720 2786 1829 2814 servir
1854 2783 1898 2815 cle
1925 2785 2016 2815 snite
2049 2785 2090 2814 Θ
2116 2784 2136 2812 ὰ
2158 2782 2181 2813 l’
2200 2781 2498 2813 &claircissement

1391 2840 1456 2859 aux
1483 2828 1624 2860 OE'iwres
1650 2830 1693 2861 de
1718 2828 1769 2860 M
1785 2826 1941 2861 Voltaire
1958 2828 2017 2860 1V.
2044 2829 2245 2860 conversat.
2270 2835 2304 2868 p.
2329 2824 2406 2865 141.
2435 2824 2501 2856 Ni-

1391 2873 1458 2906 mis
1485 2873 1625 2918 longum
1650 2884 1738 2907 esset
1763 2886 1880 2907 omnes
1905 2885 2108 2912 recensere,
2145 2871 2203 2915 qui
2232 2871 2266 2902 in
2291 2870 2418 2913 Anglia
2438 2870 2501 2902 So-

1393 2919 1531 2952 ciniana
1557 2922 1610 2952 lue
1636 2921 1755 2952 infecti
1780 2921 1905 2959 suere3
1951 2920 2042 2951 inter
2082 2929 2166 2961 quos
2203 2915 2350 2959 majores
2377 2916 2498 2948 turbas

1393 2965 1561 2998 excitavit
1589 2966 1787 2999 Williamus
1814 2967 1992 2998 Wistonus
2024 2963 2194 2996 Mathesis
2237 2963 2271 2995 in
2313 2961 2501 2994 Cambrid-

1395 3012 1488 3054 gensi
1517 3012 1754 3045 Universitate
1786 3013 1983 3056 professor,
2018 3007 2251 3047 contendens,
2286 3008 2501 3040 Arianorum.

1395 3056 1591 3090 doctrinam
1632 3057 1789 3090 eamdem
1815 3069 1887 3089 esse
1914 3068 1992 3089 cum
2032 3055 2190 3088 doctrina
2224 3054 2305 3087 Jesu
2332 3053 2499 3094 Christi,

1392 3103 1653 3148 primorumque
1680 3103 1872 3136 Fidelium.
1910 3105 1959 3135 lta
1986 3102 2019 3133 in
2047 3113 2108 3134 suo
2132 3100 2401 3134 Christianismo
2425 3104 2499 3143 pri-

1393 3153 1532 3182 mitiuo:
1571 3148 1672 3193 cujus
1709 3162 1812 3182 causa
1829 3149 1912 3181 ‘fuit
1939 3148 1981 3180 ab
2008 3148 2165 3180 Ecclesia
2190 3148 2384 3191 Anglicana
2419 3157 2500 3190 pro·-

1395 3196 1568 3239 scriptus,
1595 3199 1625 3227 δέ
1650 3197 1835 3240 expulsu&
1871 3195 1941 3227 imo
1966 3195 2070 3226 etiam
2096 3206 2157 3226 suo
2181 3191 2326 3226 docendi
2355 3202 2499 3225 munere

1398 3242 1555 3287 privatus
1576 3263 1583 3271 -
1621 3243 1750 3274 Contra
1782 3242 1881 3273 illum
1919 3249 2060 3280 antem,
2097 3240 2252 3284 aliosque
2277 3239 2407 3273 Ariana
2441 3237 2499 3269 lue

1395 3288 1538 3321 infectos
1567 3288 1698 3326 integra
1737 3288 1835 3331 quasi
1863 3288 2079 3330 Scriptorum
2117 3285 2268 3330 phalanx
2294 3297 2356 3330 pro
2379 3283 2497 3315 defen-

1394 3336 1486 3368 sione
1512 3328 1654 3366 Christiv
1677 3332 1870 3366 divinitatis
1905 3332 2054 3376 prodiit:
2093 3333 2162 3365 imo
2188 3332 2346 3376 expensis
2371 3329 2499 3362 nobilis

1394 3382 1532 3414 feminee
1550 3381 1655 3425 Myer
1681 3387 1801 3413 contra
1827 3380 2027 3414 Socinianos
2054 3379 2196 3423 publica
2210 3378 2330 3412 Lectio
2355 3375 2499 3409 institu—
