2577 3633
853 111 933 157 DE
967 107 1258 158 PERSONIS
1292 112 1555 161 D1V1N15'2.
1675 130 1677 132 ·
2225 131 2248 172 5
2259 143 2274 172 i

42 219 69 243 „
98 190 383 245 verborumque
411 191 592 231 sententia
620 191 822 245 diligenter
841 192 1063 231 &accurate
1079 207 1163 244 per-

45 276 71 296 „
102 262 247 300 pensa,
277 256 522 298 posteaquam
540 249 742 284 concordes
766 249 925 299 reperit,
955 259 1024 284 nec
1040 260 1162 297 quan-

49 330 74 349 „
105 311 184 339 tum
217 300 265 337 ad
292 299 502 337 doctrinam
534 298 613 337 ullo
643 301 752 338 inodo
788 303 884 340 inter
912 314 950 338 se
978 300 1160 337 dissiden-

49 382 75 403 „
105 363 178 402 tes,
208 354 259 390 ita
286 354 482 405 negotium
513 356 718 405 transegit,
751 363 788 392 ut
818 355 1018 392 nominum
1051 365 1161 391 usum

46 432 73 454 ς,
102 406 338 455 concedens,
386 405 498 443 rebus
529 419 589 444 eos
631 409 925 445 constrinxerit.
955 410 980 428 “
1030 407 1162 458 Itaque

45 458 129 498 haec
158 473 296 512 magna
337 458 508 512 procella
547 460 662 498 facile
703 462 885 513 dissipata
914 461 987 498 fuit
1022 459 1057 496 δε
1087 471 1162 511 pax

47 524 92 552 ac
121 514 323 552 concordia
350 512 517 550 restituta
533 539 543 550 .

110 564 197 618 174¹·
226 565 355 604 Postea
384 575 511 604 tamen
541 580 631 604 cum
662 568 778 604 trium
800 564 1046 619 hypostasum
1075 579 1162 603 con·-

46 621 160 659 fessio
188 622 426 671 exigeretur,
461 619 531 658 hoc
560 622 725 671 graviter
755 622 876 658 ferens
905 621 946 658 S.
977 620 1164 669 Hierony-

47 685 135 714 mus
166 674 218 710 ita
246 674 293 711 ad
315 672 526 711 Damasum
550 671 594 711 H.
612 672 652 710 Ρ.
681 674 869 712 scribebat
899 672 1058 725 epistola
1074 671 1164 710 XV.

47 754 76 777 -„
106 726 217 764 Nunc
248 728 390 778 igitur,
421 726 515 779 proh
546 726 673 766 dolor!
705 729 999 780 postNicaenam
1017 727 1131 764 fidem
1151 754 1161 772 ‚

44 806 72 830 „
103 789 183 832 post
213 779 518 818 Alexandrinum
537 811 547 829 ,
591 779 724 832 juncto
766 783 908 832 pariter
937 781 1162 826 Occidente,

47 863 72 883 2,
101 834 294 871 decretum
326 835 445 871 trium
476 833 726 887 hypostaseon
757 835 805 871 ab
822 835 1053 871 Arianorum
1075 845 1162 884 pro-

45 917 70 938 „
101 886 161 935 le,
191 887 224 924 8(
245 887 524 939 Campensibus
547 887 610 937 (a)
641 886 834 925 novellum
864 899 886 924 a
917 898 977 923 me
1006 883 1164 922 homine

46 971 74 991 „
105 939 275 979 Romano
302 954 443 979 nomen
473 941 634 990 exigitur
738 941 1038 990 Inter-rogamus,
1070 939 1163 989 quid

102 1003 175 1032 tres
204 994 420 1047 hvpostases
451 1006 557 1043 posse
585 993 820 1029 arbitrentur
849 990 1038 1042 intelligi?
1069 992 1163 1028 Tres

104 1041 280 1099 person'as
299 1047 562 1093 subsistentes,
593 1045 727 1096 ajunt.
760 1045 1066 1097 Respondemus,
1097 1058 1163 1082 nos

103 1103 153 1138 ita
183 1098 356 1137 credere.
386 1098 470 1135 Non
500 1097 641 1136 sufficit
669 1112 822 1137 sensus:
865 1099 992 1151 ipsum
1021 1110 1161 1136 nomen

102 1153 335 1204 efflagitant3
364 1152 457 1204 quia
485 1151 612 1189 nescio
641 1153 735 1204 quid
764 1154 903 1191 veneni
933 1153 971 1189 in
1002 1151 1162 1204 syllabis

102 1206 189 1244 latet
208 1232 218 1244 .
265 1205 515 1253 Clamamus,
559 1205 589 1242 si
619 1208 706 1257 quis
735 1214 807 1244 tres
837 1205 1055 1258 hypostases
1073 1235 1082 1253 ,
1122 1214 1161 1244 ut

43 1288 70 1309 „
99 1260 170 1297 tria
201 1268 447 1311 enypostata,
479 1257 549 1296 hoc
578 1267 656 1306 est,
699 1269 772 1297 tres
801 1259 1045 1297 subsistentes
1076 1272 1160 1310 per-

44 1341 70 1362 „
100 1326 207 1351 sonas
236 1325 310 1349 non
340 1311 564 1359 confitetur,
594 1308 795 1350 anathema
823 1311 890 1349 sit.
922 1312 968 1350 Et
988 1314 1079 1364 quia
1095 1326 1159 1349 vo-

101 1365 242 1404 cabula
269 1378 346 1403 non
376 1362 603 1412 ediscimus,
634 1365 806 1403 haeretici
827 1364 1073 1415 judicamur.
1102 1364 1160 1401 Et

100 1424 244 1457 iterum
273 1418 532 1467 expostulans
553 1417 765 1466 subdebat,
797 1419 995 1456 Decernite
1012 1449 1022 1467 ,
1051 1418 1160 1456 obse·

101 1485 192 1520 cro,
235 1472 265 1509 si
295 1471 442 1522 placet,
490 1471 523 1507 ἃ
553 1485 624 1510 non
655 1472 800 1510 timebo
828 1482 901 1509 tres
942 1472 1160 1523 hypostases

97 1527 253 1563 dicere.
302 1524 343 1561 Si
373 1524 543 1575 jubetis,
582 1526 768 1563 condatur
798 1539 895 1563 nova
924 1535 1002 1577 post
1032 1524 1160 1562 Nicae-

99 1593 192 1617 nam
222 1578 340 1623 fides;
372 1575 405 1614 8<
435 1578 629 1616 similibus
651 1580 777 1617 verbis
798 1592 888 1616 cum
906 1579 1058 1616 Arianis
1074 1591 1161 1615 con-

105 1633 284 1670 fiteamur
300 1630 533 1669 Orthodoxi.
564 1631 660 1670 Tota
679 1631 924 1670 saecularium
948 1631 1159 1669 litterarum

104 1685 232 1723 schola
260 1683 358 1722 nihil
389 1684 495 1722 aliud
526 1683 789 1737 hypostasim,
839 1687 906 1723 nisi
938 1686 1060 1722 usiam
1089 1697 1158 1722 no-

101 1740 180 1776 vit.
212 1737 260 1775 Et
289 1738 519 1789 quisquam,
549 1749 665 1785 rogo,
695 1751 759 1774 ore
780 1737 962 1787 sacrilego
978 1746 1048 1774 tres
1069 1735 1159 1772 sub-

103 1792 252 1829 stantias
281 1787 536 1841 praedicabit?
583 1788 685 1826 Tum
714 1799 851 1840 postea
880 1800 964 1827 512ae
1002 1797 1160 1826 senten-

100 1848 163 1881 tioe
191 1852 320 1880 tenax
347 1845 404 1879 sic
432 1845 559 1894 pergit
577 1855 591 1878 .·
630 1841 848 1880 'Faceantur
877 1851 949 1879 tres
979 1841 1160 1894 hyposta-

98 1911 153 1935 ses
171 1926 181 1944 ,
211 1897 242 1934 si
271 1894 415 1948 placet,
446 1895 480 1932 &
510 1909 586 1933 una
607 1903 779 1934 teneatur
801 1922 840 1934 ...
872 1896 946 1934 Aut
963 1897 990 1933 si
1013 1904 1159 1932 rectum

101 1951 263 2004 putatis,
307 1959 380 1987 tres
409 1948 629 2002 hypostases
657 1963 747 1988 cum
777 1951 854 1988 suis
884 1949 1159 2001 interpretatio-

45 2035 71 2055 „
100 2004 216 2043 nibus
245 2003 383 2041 debere
421 2016 486 2041 nos
528 2003 656 2041 dicere
686 2016 759 2042 non
801 2017 1006 2055 negamus.
1055 2002 1157 2049 Sed,

45 2088 72 2108 „
101 2057 200 2096 mihi
230 2056 393 2094 credite:
424 2069 611 2094 venenum
642 2057 712 2095 sub
744 2057 843 2095 mele
872 2055 978 2094 latet:
1007 2054 1158 2093 transfi-

44 2140 72 2161 „
101 2112 251 2162 guravit
279 2123 317 2148 se
346 2109 502 2162 angelus
529 2119 669 2148 satanae
709 2112 748 2149 in
780 2110 959 2162 angelum
996 2109 1094 2147 lucis
1116 2132 1157 2144 ...

103 2164 208 2210 Quid
237 2172 313 2200 tam
357 2164 467 2200 anxie
497 2177 614 2200 unum
659 2164 822 2202 verbum
853 2161 1007 2201 tenent?
1055 2161 1160 2208 Quid

102 2214 174 2254 sub
204 2216 385 2265 ambiguo
414 2229 584 2253 sermone
613 2216 790 2254 latitant?
820 2216 861 2253 Si
891 2218 944 2254 sic
974 2215 1129 2252 creduut
1148 2240 1158 2260 ,

106 2278 144 2306 ut
174 2270 494 2319 interpretantur,
534 2281 608 2305 non
637 2268 776 2306 damno
794 2299 804 2316 ,
840 2270 939 2320 quod
971 2270 1157 2305 retinent.

105 2323 147 2361 Si
176 2323 229 2359 sic
258 2321 397 2368 credo,
428 2330 468 2359 ut
497 2322 571 2372 ipsi
601 2321 736 2360 sentire
765 2337 802 2360 se
831 2321 1036 2369 simulant,
1073 2333 1158 2373 per-

45 2406 73 2428 „
104 2376 254 2414 mittant
282 2374 317 2410 ἃ
347 2374 443 2412 mihi
472 2376 567 2412 meis
605 2376 731 2414 verbis
768 2389 879 2413 suum
923 2389 1074 2413 sensum
1105 2373 1159 2410 lo-

49 2460 75 2480 „
106 2431 202 2482 qui.
232 2428 290 2465 Ac
321 2426 481 2465 demum
512 2431 568 2465 ita
598 2429 793 2466 concludit
812 2460 821 2477 ‚
853 2428 1086 2467 Damasum
1111 2426 1161 2465 R.

106 2483 150 2521 P.
181 2482 414 2532 alloquens:
452 2481 627 2520 Obtestor
659 2484 930 2521 Beatitudinem
961 2492 1064 2519 tuam
1094 2494 1162 2531 per

46 2566 73 2586 „
103 2535 339 2575 Crucifixam
371 2535 506 2573 mundi
535 2534 719 2584 salutem,
766 2549 835 2588 per
870 2536 1044 2588 σ’μόεσισν
1075 2535 1162 2572 Tri-

48 2618 74 2638 „
106 2592 285 2636 nitatem,
334 2597 374 2625 ut
402 2588 500 2626 mihi
544 2590 708 2641 epistolis
738 2590 833 2637 tuis,
878 2591 956 2626 sive
986 2589 1162 2626 tacenda*

50 2673 77 2693 „
108 2656 194 2680 rum
213 2672 223 2690 ,
254 2643 332 2679 sive
361 2642 607 2680 dicendarum
631 2642 876 2696 hypostasum
897 2643 1004 2680 detur
1033 2651 1162 2680 aucto·

47 2724 74 2745 „
105 2697 221 2735 ritas.
253 2698 279 2716 ‘⁶
895 2712 897 2715 ·

106 2751 193 2801 ¹75.
222 2748 356 2801 Neque
386 2763 474 2786 vero
503 2750 584 2787 sine
614 2746 712 2786 ullo·
736 2746 982 2787 fundamento
1012 2756 1088 2787 erat
1118 2747 1158 2787 S.

49 2802 275 2856 Hieronymi
307 2812 453 2850 metus,
502 2804 593 2855 quia
624 2804 758 2842 Ariani
801 2805 972 2841 eamdem
1009 2801 1160 2841 dicendi

51 2856 255 2894 formulam
285 2855 494 2909 aliquando
538 2865 840 2908 usurpaverant.
889 2856 1013 2894 Patres
1058 2858 1160 2894 enim

49 2907 160 2946 Cone.
181 2910 415 2948 Sardicensis
446 2910 483 2947 in
513 2911 621 2961 epist.
643 2909 857 2961 Synodica,
887 2922 974 2962 quae
996 2925 1017 2948 a
1035 2910 1161 2948 Theo-

51 2959 177 2998 doreto
205 2963 364 3000 refertur
393 2963 483 3002 Lib.
514 2964 560 3000 ll.
611 2962 716 3002 Hist.
746 2962 860 3000 Eccl.
889 2977 925 3001 c.
955 2963 993 3002 8.
1022 2973 1158 3001 testan-

49 3019 136 3061 tur,
179 3014 380 3054 Ursacium
398 3044 409 3064 ,
452 3017 487 3053 ἃ
517 3016 715 3055 Valentem
760 3044 785 3066 „
814 3016 905 3055 duas
933 3019 1085 3070 viperas
1115 3030 1160 3055 ex

44 1022 72 1044 Β)

46 1078 71 1097 υ

46 1130 72 1150 2>

45 1183 71 1204 >³

45 1236 72 1256 θ’

43 1396 70 1416 'J’

44 1450 70 1469 22

44 1502 70 1521 :³

42 1555 69 1575 5)

44 1609 70 1629 2>

47 1664 74 1682 23

46 1717 73 1735 >³

46 1769 71 1788 Β)

45 1822 72 1841 :7

45 1875 70 1894 ³7

44 1927 69 1947 Β)

44 1981 71 2001 5)

46 2194 73 2213 9)

46 2247 74 2266 3:

47 2299 75 2320 32

47 2352 74 2374 β)

48 2505 76 2533 5)

106 3161 153 3209 (a)
178 3157 228 3190 lta
265 3156 348 3201 legit
388 3156 422 3192 in
450 3172 510 3194 sna
548 3160 698 3196 editione
726 3159 929 3196 Dominicns
956 3160 1159 3196 Valersius.

52 3203 123 3237 Alii
150 3212 266 3253 autem
291 3204 431 3255 legunt.-
459 3208 497 3239 ab
516 3210 720 3242 Ariarmrum
741 3209 884 3243 Praesule
899 3231 910 3250 ‚
936 3213 976 3242 (y
996 3210 1160 3252 Campen—

55 3250 149 3282 sibus
165 3273 172 3281 .
200 3251 347 3283 &omine
375 3259 488 3283 autem
515 3255 747 3298 Campensinm
762 3257 906 3289 Sanctus
923 3257 1158 3300 Hieronymus

53 3296 221 3339 intelligit
246 3296 482 3336 meletianos,
508 3301 566 3342 qni
593 3302 628 3333 in
654 3303 785 3346 campis
812 3311 1001 3335 conventus
1027 3314 1104 3334 snos
1124 3314 1160 3333 a-

55 3352 134 3385 gere
159 3342 372 3387 cogebantur
388 3363 398 3381 ,
424 3343 479 3375 vel
506 3344 540 3376 in
558 3346 714 3381 Ecclesia
733 3358 832 3383 extra
852 3349 1030 3383 civitatem
1048 3369 1057 3387 ‚
1082 3355 1159 3392 quae

1231 221 1259 243 „
1291 196 1432 234 Ariana
1462 197 1612 248 aspide,
1650 201 1893 248 asseruisse,
1931 203 2031 253 quod
2062 203 2340 248 Haereticorunt

1232 277 1258 295 „
1290 250 1402 286 factio
1432 252 1676 301 pertinaciter
1705 263 1916 300 asseverat,
1960 253 2104 305 Patris,
2143 274 2187 297 ac
2218 261 2340 310 Filii,

1233 330 1258 348 „
1289 315 1331 338 ac
1361 304 1525 353 Spiritus
1556 304 1671 342 sancti
1701 306 1867 343 diversas
1910 320 1986 344 esse
2017 308 2260 363 hvpostases,
2303 316 2338 352 ὃς

1230 382 1255 401 „
1285 369 1306 391 a
1335 369 1371 392 se
1402 358 1566 394 invicem
1595 367 1810 409 separatas;
1851 372 1891 396 ‘se
1920 372 2009 396 vero
2040 355 2135 401 hanc
2165 381 2185 403 a
2218 368 2340 419 majo-

1228 432 1256 454 „
1286 407 1390 444 ribus
1421 412 1638 461 accepisse,
1687 425 1729 448 ac
1759 412 1964 459 didicisse,
2014 413 2045 448 8<
2076 410 2174 455 hanc
2219 429 2344 459 tenere

1231 488 1256 506 „
1288 460 1514 499 catholicam
1545 473 1656 515 atque
1685 465 1927 515 apostolicam
1945 466 2182 507 traditionem
2200 501 2210 519 ,
2241 473 2274 510 8<
2295 473 2342 511 fi-

1229 537 1257 560 „
1287 510 1373 550 dein
1393 543 1402 560 ,
1431 529 1475 552 ac
1506 518 1805 566 professionem,
1836 532 1951 556 unam
1983 532 2058 557 esse
2080 519 2310 573 hypostasim
2329 554 2343 576 ,

1231 591 1259 613 -„
1289 578 1404 617 quam
1436 568 1506 618 ipsi
1538 569 1706 608 haeretici
1738 568 1985 609 substantiam
2015 567 2234 625 appellant,
2273 579 2342 617 Pa·-

1231 645 1259 666 „
1288 621 1381 667 tris,
1412 634 1455 656 ac
1486 619 1606 670 Filii,
1645 639 1688 660 ac
1718 625 1882 676 Spiritus
1911 629 2057 664 sancti·
2100 628 2148 666 Et
2177 630 2346 683 siquae-

1233 701 1259 720 „
1290 682 1397 722 rant,
1429 687 1608 725 quaenam
1638 678 1682 713 sit
1714 678 1924 729 hypostasis
1945 677 2066 728 Filii,
2096 682 2344 733 profitemur,

1231 755 1257 774 „
1289 739 1372 763 eam
1403 741 1509 776 esse,
1557 742 1644 780 quae
1673 733 1849 768 oninium
1879 746 2060 771 consensu
2087 734 2165 772 sola
2194 746 2245 775 est
2274 737 2344 777 Pa-

1230 804 1256 827 „
1286 782 1380 818 tris.
1411 783 1436 801 “

1289 833 1376 884 176.
1406 833 1533 871 Etiam
1564 833 1604 872 S.
1627 834 1745 886 Aug„
1775 839 1842 888 qui
1866 838 1984 876 multo
2013 849 2094 891 post
2123 843 2345 893 quindecim

1231 885 1347 923 libros
1374 886 1420 924 de
1437 887 1577 925 Trinit.
1608 891 1855 941 conscripsit,
1885 893 1931 929 de
1963 891 2031 931 hac
2061 907 2100 931 re
2114 907 2190 932 non
2220 900 2345 935 omni-

1231 953 1280 977 no
1309 942 1502 978 convictus
1533 942 1647 979 fuisse
1677 942 1846 981 videtur.
1876 946 1975 983 Nam
1996 945 2084 985 Lib.
2106 948 2156 985 V.
2186 964 2220 987 e.
2242 950 2345 989 &de

1232 995 1379 1032 Graecis
1409 992 1595 1046 loquenS,
1625 997 1702 1040 ait3
1726 1027 1751 1043 „
1772 996 1914 1034 Dicunt
1944 999 2149 1050 quidem&
2180 1003 2239 1041 illi
2271 1003 2344 1056 hy-

1233 1077 1257 1096 „
1287 1056 1475 1101 postases3
1506 1049 1568 1085 sed
1597 1051 1725 1086 nescio
1754 1051 1848 1101 quid
1877 1052 2010 1090 volunt
2040 1055 2216 1093 interesse
2245 1057 2344 1095 inter

1232 1131 1256 1149 „
1287 1103 1410 1139 usiam
1430 1132 1439 1149 ,
1482 1100 1515 1138 &
1546 1101 1806 1154 hypostasim,
1851 1106 1900 1142 ita
1931 1115 1969 1142 ut
1999 1105 2172 1159 plerique
2203 1113 2343 1160 nostri,

1231 1185 1256 1203 „
1286 1158 1352 1208 qui
1383 1154 1465 1192 haec
1496 1168 1621 1207 graeco
1651 1165 1808 1194 tractant
1828 1157 2005 1210 eloquiO,
2035 1160 2160 1198 dicere
2189 1176 2344 1201 consue-

1231 1238 1256 1257 „
1286 1210 1406 1248 verint
1436 1210 1533 1259 μίαν
1564 1209 1674 1250 ἑσίκν
1697 1211 1804 1256 τρεῖς
1835 1210 2038 1254 ω’ποςοέσέις
2076 1215 2177 1264 quod
2207 1225 2257 1253 est
2286 1217 2342 1254 la-

1230 1292 1256 1310 „
1286 1265 1389 1310 tine,
1435 1276 1548 1300 unam
1588 1263 1812 1309 essentiam,
1856 1271 1929 1300 tres
1972 1265 2222 1306 substantias.
2271 1268 2346 1308 Sed

1229 1345 1254 1364 „
1285 1318 1377 1368 quia
1405 1324 1530 1353 nostra
1559 1315 1737 1367 loquendi
1780 1317 2010 1354 consuetudo
2038 1317 2117 1368 jam
2147 1321 2346 1371 obtinuit,

1231 1399 1256 1417 „
1286 1377 1326 1406 nt
1358 1368 1427 1407 hoc
1469 1369 1732 1419 intelligatur,
1776 1382 1865 1406 cum
1909 1371 2076 1410 dicimus
2119 1376 2344 1424 essentiam,

1232 1452 1259 1470 ‚,
1288 1423 1387 1474 quod
1428 1422 1693 1472 intelligitur,
1729 1435 1818 1459 cum
1861 1422 2026 1460 dicimus
2071 1426 2344 1477 substantiam,

1232 1505 1257 1523 „
1288 1488 1359 1512 non
1391 1476 1573 1512 audemus
1602 1475 1728 1512 dicere
1760 1487 1871 1511 unam
1895 1479 2122 1528 essentiam,
2153 1489 2226 1518 tres
2254 1484 2344 1520 sub-

1231 1559 1256 1577 „
1285 1530 1462 1576 statuitis,
1494 1528 1555 1566 sed
1586 1542 1702 1565 unam
1734 1529 1956 1576 essentiam,
1987 1530 2046 1567 vel
2075 1532 2344 1585 substantiam,

1231 1611 1255 1630 „
1287 1591 1356 1618 tres
1387 1591 1515 1619 autem
1548 1594 1724 1633 personas
1743 1583 2108 1632 „quemadmodum
2139 1587 2251 1626 multi
2270 1590 2344 1627 Laoe

1230 1665 1256 1683 „
1286 1636 1354 1672 tiui
1388 1635 1470 1672 hacc
1500 1644 1720 1682 tractantes,
1766 1634 1799 1669 ὅ(
1828 1635 1933 1686 (ligni
1976 1640 2197 1678 auctoritate
2237 1642 2344 1680 dixe-

1231 1718 1257 1736 „
1289 1696 1400 1734 runt,
1443 1701 1532 1725 cum
1563 1687 1686 1725 alium
1718 1688 1872 1725 modum
1917 1691 2102 1739 aptiorem
2132 1706 2209 1732 non
2238 1697 2344 1733 inve-

1231 1769 1256 1788 „
1286 1742 1409 1777 nirent
1440 1753 1516 1791 quo
1546 1741 1796 1778 enunciarent
1825 1741 1952 1778 verbis
1968 1746 1985 1788 ,'
2023 1745 2124 1794 quod
2152 1748 2230 1785 sine
2258 1759 2344 1788 ver„

1229 1821 1255 1840 „
1285 1792 1344 1829 bis
1374 1791 1663 1842 intelligebant·
1808 1840 1812 1843 ,

1290 1859 1377 1896 ¹77·
1409 1844 1535 1882 Postea
1566 1853 1691 1882 tamen
1722 1845 1862 1882 sensim
1893 1859 1936 1883 ac
1966 1848 2106 1886 sensim
2136 1859 2346 1906 utrumque

1228 1911 1368 1936 nomen
1398 1897 1650 1951 hypostasis,
1694 1898 1744 1938 ἴθ’
1773 1912 1952 1949 personne
1980 1901 2145 1940 obtinuit
2174 1906 2219 1943 ad
2249 1908 2347 1946 desi-

1229 1952 1420 2004 gnandam
1444 1952 1726 1989 subsistentiam
1743 1952 1928 1998 divina1n5
1950 1955 2049 1992 unde
2066 1957 2178 1995 etiam
2196 1960 2233 1997 in
2249 1962 2346 1999 Con-

1227 2005 1319 2043 cilio
1347 2004 1644 2043 Chalcedonensi
1674 2007 1757 2043 Act.
1779 2005 1828 2043 V.
1859 2007 1899 2044 in
1941 2009 2106 2046 secunda
2135 2010 2346 2053 Confessio-

1226 2074 1274 2096 ne
1307 2056 1416 2096 Fidei
1446 2058 1664 2095 adhibitum
1695 2059 1766 2096 fuit
1796 2067 2001 2112 utrumque
2033 2063 2265 2104 vocabulum
2295 2070 2345 2107 ad

1227 2111 1513 2161 exprimendam
1554 2110 1735 2148 unitatem
1778 2126 1949 2163 personas
1981 2114 2021 2152 in
2052 2114 2200 2155 Christo
2228 2119 2315 2158 Jesu
2334 2150 2345 2170 ‚

1227 2164 1402 2202 videlicet
1434 2162 1673 2211 asserebant,
1717 2173 1869 2203 naturas
1898 2166 2101 2217 divinam,
2144 2168 2176 2207 Sc
2208 2171 2345 2212 huma-

1229 2229 1318 2255 nam
1350 2217 1576 2264 inconfuse,
1607 2217 1767 2255 indivise
1797 2218 1866 2257 ἃς.
1896 2219 1935 2256 in
1957 2220 2105 2260 Christo
2135 2226 2257 2263 unitas
2288 2242 2344 2266 es-

1227 2286 1265 2308 se
1294 2270 1342 2311 ὼ
1373 2274 1413 2307 ia
1441 2284 1566 2308 unam
1595 2282 1813 2329 personam
1831 2302 1841 2319 ‚
1885 2281 2003 2323 atque
2044 2274 2344 2319 subsistentiam

1225 2337 1460 2362 concurrere
1477 2355 1488 2372 ,
1517 2336 1642 2376 graece
1663 2338 1722 2364 eis-
1752 2321 1790 2364 ’ἐν
1818 2325 2017 2375 πρόσωπον
2041 2331 2068 2375 33,
2090 2328 2179 2376 μίαν
2202 2331 2341 2373 ὀπός-αι·

1226 2393 1283 2418 σιμ
1302 2405 1310 2416 .
1356 2378 1433 2424 Qui
1464 2379 1615 2415 dicendi
1645 2377 1778 2414 modus
1819 2379 1931 2413 etiam
1977 2380 2015 2415 in
2044 2379 2130 2417 aliis
2159 2382 2345 2423 Conciliis

1229 2440 1396 2469 servatus
1427 2433 1525 2478 fuit,
1558 2428 1591 2466 8(
1618 2430 1830 2468 communis
1860 2445 1956 2481 pene
1987 2433 2130 2471 factus.
2161 2435 2208 2471 Et
2237 2451 2343 2476 nunc

1230 2485 1354 2522 Latini
1386 2498 1457 2521 non
1487 2481 1659 2521 dubitant
1688 2484 1813 2521 dicere
1844 2497 1918 2521 una
1962 2498 2050 2523 cum
2081 2487 2257 2537 Graecis,
2304 2492 2343 2530 in

1231 2538 1314 2575 Deo
1343 2553 1420 2576 esse
1452 2551 1566 2574 unam
1598 2539 1822 2584 essentiam,
1854 2535 1888 2572 8(
1910 2546 1981 2575 tres
1999 2538 2242 2591 hypostase33
2271 2557 2342 2583 nec

1230 2592 1359 2630 Grzeci
1391 2600 1564 2629 recusant
1601 2590 1799 2628 nobiscum
1830 2591 1965 2639 fateri,
2011 2603 2126 2629 unam
2168 2596 2341 2637 divinant

1229 2645 1479 2682 snbstantiffln
1498 2675 1508 2691 9
1548 2643 1581 2678 8<
1610 2653 1681 2680 tres
1710 2642 1916 2688 Personas3
1962 2659 2050 2697 quae
2082 2647 2250 2686 formula
2276 2652 2343 2688 ad-

1230 2697 1353 2736 hibita
1397 2707 1449 2735 est
1492 2699 1530 2734 in
1560 2695 1732 2734 Concilio
1753 2696 1821 2734 IV.
1852 2697 2094 2737 Lateranensi
2135 2701 2206 2739 sui)
2237 2703 2345 2741 Inno-

1228 2752 1351 2789 centio
1371 2752 1436 2788 ΙΙΙ.
1469 2750 1513 2787 iis
1544 2749 1670 2788 verbis
1700 2763 1786 2801 cap.
1813 2760 1869 2787 i.:
1901 2749 2088 2789 Firmiter
2116 2754 2342 2805 credimus,

1227 2805 1276 2844 Co·
1305 2805 1534 2852 simpliciter·
1563 2803 1827 2855 confitemur,
1876 2805 1978 2854 quod
2020 2819 2121 2843 tenus
2150 2817 2207 2844 est·
2237 2810 2341 2848 solus

1228 2871 1338 2895 verus
1368 2857 1498 2905 Deus,
1529 2855 1677 2904 Pater,
1708 2857 1757 2897 ἐν
1787 2856 1931 2906 Filius,
1970 2859 2019 2899 ὅ)
2048 2859 2215 2908 Spiritus
2243 2875 2340 2899 saa-

1229 2920 1313 2948 οἵας
1333 2925 1349 2955 ,·
1395 2920 1474 2947 tres
1503 2909 1660 2959 quidem
1688 2922 1893 2959 personne,
1923 2911 1992 2948 secl
2022 2925 2104 2949 una
2133 2918 2308 2954 essentia
2326 2946 2338 2965 ,

1228 2963 1451 3002 substantia
1469 2994 1480 3012 ,
1509 2976 1577 3001 seu
1606 2972 1756 3001 natura
1783 2968 1948 3001 omnino
1977 2966 2149 3015 simplex
2169 2988 2180 3005 ι.

2206 3070 2290 3114 CA-

1229 3162 1333 3195 Palea
1359 3161 1571 3195 vocabatur.
1598 3156 1835 3205 Conqueritur
1854 3169 1969 3195 autem
1980 3161 2021 3194 de
2038 3162 2226 3206 violentia,
2253 3169 2334 3212 quia

1229 3209 1263 3240 in
1291 3208 1448 3240 Concilio
1466 3207 1702 3240 Alexandrino
1729 3217 1823 3240 recta
1849 3207 1931 3241 fides
1956 3209 2092 3252 cognita
2108 3232 2118 3249 ‚
2145 3214 2175 3243 &
2194 3215 2336 3248 proban

1228 3256 1340 3287 fuerat
1365 3255 1471 3286 etiam
1497 3265 1615 3285 eorum
1632 3275 1643 3293 ,
1684 3255 1743 3297 qui
1770 3266 1873 3286 unam
1903 3255 2144 3290 tantummodo
2167 3249 2334 3304 hvao-'ca-

1228 3301 1318 3341 sim)
1345 3301 1375 3332 3<
1402 3308 1471 3338 tres
1498 3311 1659 3344 personas
1686 3300 1938 3344 profitebantur
1957 3323 1965 3332 .
