2577 3633
371 71 408 107 Χ

304 178 330 199 ,,
363 153 433 189 tus
465 141 691 198 Huetius,
744 145 986 207 praeceptis
1020 144 1209 193 Socratis
1245 145 1467 206 imbutus,
1501 167 1605 197 cum
1641 149 1760 203 alibi,
1805 152 2038 216 praecipue
2074 152 2119 197 in
2159 152 2363 217 Gorgia,
2400 167 2442 202 et

303 241 329 265 2,
355 207 410 253 *in
445 206 604 255 celebri
639 207 735 264 illa,
787 220 828 255 et
862 227 885 254 a
921 210 1070 273 priscis
1106 211 1364 261 Christianis
1399 233 1528 280 saepe
1564 216 1737 262 laudata
1787 233 1856 278 ep.
1893 218 1946 262 ad
1982 218 2251 282 Dionysium
2285 238 2447 267 secun-

304 306 331 329 ‚,
366 272 470 321 dam
504 273 698 323 divinam
733 276 952 339 explicans
988 284 1220 335 naturam,
1275 291 1363 326 tres
1400 282 1445 329 in
1481 300 1532 328 ea
1567 282 1768 343 designat
1804 283 1983 344 Reges,
2034 284 2232 346 primum
2266 303 2448 336 causatu

301 371 330 395 ‚‚
365 355 518 387 rerum
552 341 755 388 omnium.
776 342 1067 397 eximiarum;
1101 345 1344 393 secundum
1380 347 1509 393 rebus
1544 348 1746 392 secundis
1773 348 2030 398 addictum;
2062 350 2238 396 tertium
2275 354 2436 400 tertiis,

301 439 328 460 ‚‚
366 406 518 469 Atque
554 405 661 454 haec
696 406 888 453 Platonis
925 408 1118 456 Trinitas
1153 411 1278 473 juxta
1314 414 1717 475 interpretationem
1755 413 1902 460 Procli
1937 416 2225 470 Pater'est,
2266 428 2308 462 et
2343 422 2437 465 Po-

301 504 328 526 „
362 473 537 526 tentia,
572 483 614 519 et
650 474 811 518 Mens.
847 473 963 519 Aliis.
996 487 1215 537 praeterea
1251 479 1356 524 locis
1393 497 1417 523 a
1453 480 1596 540 primo
1635 477 1721 524 hoc
1745 483 1872 542 Rege
1905 480 1995 525 vult
2030 497 2120 525 esse
2155 480 2358 543 genitum
2380 501 2441 530 se-

302 570 327 592 „
360 538 585 593 cundum,
621 537 787 586 mundi
816 540 1131 596 conditorem‚·
1169 562 1227 592 ex
1262 545 1335 590 illo
1372 545 1549 590 tertium
1575 580 1586 598 ,
1622 562 1760 608 quem
1791 546 1999 591 animam
2035 547 2202 592 mundi
2223 546 2440 595 Platonici

299 637 324 658 ‚‚
362 602 534 657 dixere,
593 614 634 650 et
668 603 715 651 in
751 622 820 670 ep.
859 606 915 655 ad,
947 606 1207 666 Hermiam,
1263 611 1469 656 Erastum
1491 647 1501 665 ‚
1561 621 1603 656 et
1641 612 1871 658 Coriscum
1908 611 2054 672 jurare
2090 629 2166 658 eos
2201 611 2324 674 jubet
2360 630 2445 678 per

298 704 320 722 „
354 670 511 716 Deum
533 704 545 724 ‚
583 684 735 719 rerum
777 673 982 720 omnium
1007 710 1019 729 ,
1081 685 1123 721 et
1158 693 1275 740 quae
1307 686 1413 721 sunt
1432 711 1444 730 ,
1484 686 1528 723 et
1563 694 1680 740 quae
1706 677 1902 739 futurae
1935 688 2067 732 sunt,
2106 679 2264 725 ducem
2300 690 2438 745 atque

297 768 319 788 ‚‚
355 748 542 783 causam
562 769 575 789 ‚
627 745 672 781 et
698 754 792 800 per·
819 740 920 785 Dei
947 738 1088 800 hujus
1122 736 1313 788 Patrem
1350 744 1533 788 Deum.
1592 742 1670 790 Ab
1706 762 1765 790 eo·
1797 745 1927 790 etiam
1964 741 2066 790 alibi
2100 745 2310 791 traditum
2345 757 2439 802 est,

293 833 321 855 „
355 799 418 843 uti
441 809 619 848 testatur
634 802 911 867 Porphyrius
934 805 981 852 in
996 807 1214 854 Historia
1241 808 1573 870 Philosophica
1591 846 1602 865 ,
1638 810 1790 857 Deum
1820 811 1945 856 illum
1967 810 2131 856 Filium
2152 846 2165 866 ,
2199 811 2286 856 sive
2303 813 2442 858 Men-

292 901 318 921 „‚
352 873 468 920 tem,
509 883 531 912 a
567 867 669 914 Deo
705 869 858 925 Patre,
915 872 984 918 cui
1019 873 1169 920 tribuit
1202 876 1341 922 Boni
1370 892 1627 937 cognomen
1652 913 1662 932 ‚
1698 878 1902 941 genitum
1937 894 2027 922 esse
2064 886 2164 921 ante
2199 886 2437 939 tempora,

291 966 320 987 „
354 930 498 977 modo
529 933 756 996 quodam,
793 937 868 1001 qui
903 936 958 982 ab
995 937 1251 987 hominibus
1288 940 1608 1004 comprehendi
1645 960 1739 988 non
1775 943 1934 1006 possit,
1971 959 2050 1005 per
2084 959 2130 988 se
2165 953 2366 989 constare
2404 944 2440 988 i-

288 1032 310 1051 „
346 1013 503 1058 psum,
541 1009 670 1062 atque
706 1019 797 1047 esse
833 1020 983 1050 rerum
1020 1007 1223 1052 omnium
1245 1043 1256 1062 ,
1293 1008 1527 1071 omnisque
1547 1009 1888 1071 pulchritudinis
1918 1008 2113 1054 fontem.
2151 1044 2173 1062 „
2209 1008 2437 1055 Hactenus

288 1062 537 1128 Episcopus
557 1065 847 1114 Abrincensis
867 1105 879 1124 ,
914 1070 1111 1118 indicans
1131 1074 1363 1139 praecipua
1382 1075 1578 1122 Platonis
1614 1076 1707 1123 loca
1727 1111 1741 1134 2
1777 1076 1824 1122 in
1859 1072 2019 1141 quibus
2042 1074 2185 1121 visum
2221 1074 2441 1140 plerisque

289 1139 374 1184 est,
409 1131 702 1179 sanctissimae
736 1134 968 1183 Trinitatis,
1002 1139 1259 1201 mysterium
1294 1151 1440 1204 aperte
1474 1141 1645 1188 tradere
1665 1178 1679 1190 ι

357 1209 434 1255 29.
472 1197 620 1244 Multa
657 1211 808 1261 postea
842 1202 1089 1250 afferuntur
1125 1206 1180 1253 ad
1215 1205 1302 1252 hoc
1337 1207 1484 1269 ipsum
1519 1206 1906 1271 comprobandum
1943 1206 2278 1254 Platonicorum
2314 1207 2438 1254 testi-

289 1262 467 1316 monia,
526 1266 759 1326 praecipue
793 1266 987 1324 Plotini,
1046 1271 1124 1333 qui
1155 1273 1249 1333 ejus
1282 1272 1459 1319 scholae
1494 1273 1625 1318 veluti
1659 1272 1924 1334 coriphaeus
1959 1283 2049 1326 est,
2089 1283 2130 1317 et
2165 1290 2191 1317 a
2225 1272 2269 1318 S.
2308 1274 2433 1335 Aug,

287 1326 386 1372 Lib.
414 1327 503 1373 IX.
539 1329 597 1374 de
635 1331 770 1376 Cim.
807 1333 909 1377 Dei
939 1353 975 1380 c.
1007 1349 1078 1380 10.
1114 1329 1335 1383 laudatus
1368 1339 1555 1390 dicitur,
1591 1338 1713 1401 quod
1738 1338 1991 1385 Platonem
2013 1337 2179 1383 ceteris
2210 1337 2436 1382 excellen-

286 1392 376 1437 tius
409 1393 716 1440 intellexerit.
753 1396 843 1443 Hic
878 1410 1025 1444 autem
1063 1401 1106 1444 in
1142 1404 1373 1447 Enneade
1394 1404 1461 1452 V,.
1494 1403 1595 1449 Lib.
1624 1406 1654 1450 Ι.
1691 1423 1730 1450 c.
1754 1403 1797 1449 6.
1835 1414 1877 1448 et
1914 1415 1961 1464 7..
1993 1414 2080 1449 tres
2106 1412 2324 1448 memorat
2342 1402 2439 1448 Re-

284 1472 383 1513 ges,
418 1469 491 1502 aut
527 1459 677 1516 Deos,
721 1478 913 1524 quorum
950 1482 1091 1511 unum
1127 1466 1304 1514 npi‘twm
1332 1468 1392 1507 ⁹32
1426 1471 1638 1515 Mentem⁴
1663 1470 1899 1532 potiorem
1936 1480 2091 1526 vocat3
2149 1469 2332 1514 alterum
2368 1471 2434 1509 25„

286 1519 456 1572 &eoo-spor-
495 1526 701 1574 ,Mentem
730 1530 1060 1590 posteriorem,
1097 1549 1232 1597 quam
1266 1533 1397 1581 vulta
1433 1536 1574 1598 prima
1596 1537 1757 1583 Mente
1793 1536 2022 1599 genitam,
2058 1545 2100 1580 et
2136 1535 2251 1580 illius,
2284 1551 2374 1580 esse
2403 1533 2435 1578 i-

283 1593 539 1653 maginem3
577 1593 756 1639 tertium
791 1594 974 1642 demum
1011 1599 1228 1646 Animam
1265 1616 1355 1645 esse
1390 1618 1413 1645 a
1447 1602 1638 1647 secunda
1676 1603 1837 1650 Mente
1873 1603 2099 1665 genitam,
2135 1617 2269 1664 quam
2304 1600 2436 1646 etiam

283 1657 377 1717 ejus
412 1651 529 1704 &5701
561 1658 767 1706 Verbum
805 1663 1020 1724 appellat.
1072 1665 1131 1711 Et
1166 1665 1251 1710 alio
1287 1667 1334 1711 in
1367 1666 1501 1715 loco:
1534 1669 1692 1727 Apud
1724 1671 1975 1715 Platonem
1996 1704 2008 1724 ,
2062 1668 2239 1731 inquit,
2269 1682 2437 1730 cogno-

284 1739 406 1768 scere
440 1725 546 1770 licet
580 1741 641 1769 ex
675 1725 779 1784 ljoso
808 1728 991 1787 quidem
1029 1732 1169 1775 Bono
1208 1733 1413 1778 Mentem
1434 1768 1446 1787 ,
1497 1743 1635 1796 atque
1668 1735 1863 1779 Ideam:¹
1921 1751 1982 1779 ex
2016 1737 2178 1779 Ilffente
2213 1748 2315 1778 vero
2351 1733 2434 1778 A-

285 1787 492 1840 nimam‚·
541 1787 618 1832 ubi
653 1788 788 1834 etiam.
818 1791 1092 1839 parmenidis
1125 1794 1431 1842 testimonium
1463 1797 1649 1859 allegat,
1684 1798 1766 1861 qui
1796 1798 1987 1861 loquens
2018 1798 2147 1855 apud
2179 1798 2435 1843 Platonem.

290 1853 498 1898 exactius
515 1852 635 1899 inter
652 1870 700 1899 se
710 1854 952 1917 distinguit
964 1860 1167 1918 primum
1185 1861 1331 1922 ipsum
1347 1879 1503 1918 unum,
1528 1864 1654 1927 quod
1662 1874 1708 1909 et
1714 1864 1962 1925 praecipue
1980 1880 2120 1908 unum
2141 1872 2228 1917 est,
2261 1862 2435 1907 solum-

290 1934 376 1981 que
388 1934 526 1963 unum
541 1937 555 1964 .·
567 1919 673 1964 item
688 1922 931 1968 secundum
945 1941 1085 1971 unum
1100 1927 1246 1970 multa
1261 1928 1493 1979 nominat,·
1515 1923 1698 1974 tertium
1716 1929 1913 1992 denique
1926 1946 2065 1975 unum
2077 1965 2087 1983 ,
2105 1938 2243 1991 atque
2254 1928 2401 1973 multa
2420 1961 2431 1973 .

349 1983 431 2028 30..
464 1984 589 2030 Haec
609 1986 781 2047 saepius
806 1989 992 2048 repetita
1009 1990 1193 2050 legimus
1219 1992 1262 2036 in
1286 1990 1418 2053 hujus
1436 1993 1705 2060 Philosophi
1722 1995 1944 2043 Platonici
1967 1994 2174 2058 operibus
2192 2030 2202 2049 ,
2239 2011 2354 2057 quae
2388 2002 2436 2039 ut

282 2048 561 2094 credibiliora.
571 2049 770 2095 redderet
783 2086 793 2104 ,
812 2054 905 2097 suis.
918 2055 1212 2101 Auditoribus
1228 2073 1400 2103 narrare
1411 2060 1603 2118 solebat,
1615 2079 1720 2107 cum
1738 2073 1827 2108 tota
1841 2072 1988 2107 mente
2004 2061 2057 2106 ad
2072 2061 2267 2123 primum
2284 2060 2435 2106 Deum

284 2114 683 2177 contemplandum
704 2115 927 2163 accederet
945 2155 960 2174 ,Ἴ
977 2119 1062 2166 sibi
1081 2119 1194 2166 hanc
1216 2123 1465 2170 felicitatem
1483 2128 1719 2189 contigisse
1734 2163 1746 2181 ,
1770 2139 1817 2171 ut
1834 2126 1913 2189 ipsi
1932 2144 2108 2171 summo
2126 2125 2435 2185 Deoconjjun-

282 2191 483 2243 geretur.
521 2181 768 2227 ldtestatur
792 2183 928 2231 etiam.
942 2185 1218 2250 Porphyrius
1238 2188 1284 2234 in
1303 2190 1422 2235 Vita
1445 2193 1631 2239 Plotini
1662 2210 1698 2238 c.
1718 2191 1794 2237 23.
1832 2191 1989 2254 (apud
2013 2193 2093 2238 Jo.
2131 2190 2240 2236 Alb..
2273 2189 2438 2237 Fabri-

283 2247 402 2292 ciurn
436 2244 652 2295 Lib.,lV.
687 2247 1015 2297 Bibliothecae
1039 2255 1248 2300 Graecae
1270 2273 1305 2299 c.
1326 2255 1402 2301 26.
1439 2257 1486 2319 )‚
1524 2259 1702 2305 dicens:
1736 2259 1872 2305 Finis
1899 2258 2117 2310 Plotino,
2152 2257 2429 2319 sz'trnumque

281 2322 383 2358 erat
402 2348 414 2367 ‚
448 2330 537 2377 quo
560 2314 706 2360 aciem
732 2317 902 2362 mentis.
917 2318 1190 2375 intenderet,
1228 2314 1627 2389 appropinquare,
1653 2323 1962 2389 conjungique
1980 2324 2072 2387 ipsi
2082 2326 2194 2369 Deo.
2219 2321 2436 2369 omnibus

282 2377 445 2442 ubsque
457 2381 721 2440 praesenti.
752 2382 935 2445 Quater
947 2395 1099 2431 autem
1115 2422 1127 2441 ‚
1151 2387 1258 2432 dum
1280 2404 1380 2433 cum
1400 2387 1497 2452 ipso
1519 2407 1721 2438 versarer
1736 2428 1751 2447 ‚,
1775 2389 2052 2451 huncfinem
2081 2398 2148 2435 est
2164 2398 2396 2436 assecutus
2416 2423 2425 2434 .

282 2444 384 2493 Alia
407 2444 594 2491 aliorum
614 2445 865 2494 Platonicae
883 2450 1092 2497 Familiae
1128 2452 1513 2516 Philosophorum.
1546 2458 1797 2507 testimonia
1823 2456 2048 2503 brevitatis.»
2079 2472 2209 2502 causa
2243 2455 2402 2507 omitto
2422 2488 2432 2500 .

350 2509 429 2556 31.
467 2512 557 2576 His.
588 2513 722 2559 etiam
755 2516 918 2562 accedit
953 2519 1186 2564 auctoritas
1211 2519 1254 2566 S.
1283 2521 1475 2584 August.
1496 2561 1507 2579 ,
1547 2525 1625 2587 qui
1647 2523 1723 2569 lib..
1738 2524 1808 2571 X.
1839 2524 1896 2570 de
1918 2523 2038 2570 civit.
2072 2523 2173 2569 Dei
2204 2539 2244 2568 c.
2264 2536 2345 2582 29.
2377 2520 2439 2568 ita

280 2575 591 2640 Porphyrium
628 2579 907 2628 Platonicum
924 2585 1186 2647 compellat:
1223 2589 1481 2635 Praedicas
1497 2593 1728 2646 Patrem,
1763 2601 1807 2636 et
1825 2588 1924 2651 ejus
1947 2589 2122 2637 Filium
2144 2625 2155 2644 ‚
2193 2605 2325 2652 quem
2362 2603 2433 2633 vo-

285 2658 364 2687 cas
391 2654 638 2704 paternum
676 2647 977 2706 intellectum,
1017 2668 1095 2696 seu
1129 2662 1324 2698 mentem
1345 2689 1357 2709 ,
1416 2666 1461 2701 et
1493 2657 1662 2702 horum
1700 2657 1928 2711 medium,
1975 2673 2107 2719 quem
2137 2665 2356 2711 putamus
2387 2659 2439 2696 te¹

284 2708 436 2753 dicere
454 2709 683 2772 Spirituin
697 2724 905 2760 sanctum
924 2753 935 2771 ,
973 2727 1016 2763 et
1039 2734 1167 2764 more
1184 2723 1327 2764 restro
1352 2722 1556 2781 appellas
1589 2733 1682 2770 tres
1703 2726 1835 2769 Deos
1853 2758 1866 2769 .,
1899 2723 2061 2770 Postea
2083 2720 2243 2773 refert,
2273 2735 2321 2763 se
2343 2733 2424 2761 au-

286 2773 439 2819 divisse
476 2793 497 2820 a
534 2789 689 2823 sancto-
718 2796 822 2825 sene
858 2781 1173 2846 Simpliciano,
1208 2784 1285 2847 qui
1319 2788 1507 2847 praefuit
1533 2789 1756 2836 Ecclesiae
1791 2788 2155 2841 Mediolanensi,
2191 2782 2431 2848 quemdam

281 2838 562 2887 Platonicum
597 2844 618 2905 (
654 2845 686 2890 is
723 2857 813 2891 erat
847 2850 1052 2896 Amelius
1085 2849 1106 2911 >
1142 2850 1392 2897 dicentem:
1448 2855 1645 2901 Initium
1697 2855 1855 2901 sancti
1882 2852 2132 2916 Evangelii
2175 2848 2427 2923 secundant

283 2909 364 2952 Jo.
398 2911 551 2954 aureis
585 2910 752 2956 litteris
788 2915 1162 2962 conscribendum
1182 2954 1193 2972 ,
1233 2927 1276 2962 et
1304 2933 1390 2980 per
1423 2936 1580 2966 ornnes
1615 2922 1854 2968 Ecclesias
1887 2922 1934 2966 in
1971 2918 2084 2964 locis
2117 2916 2424 2962 eminentzssz-

284 2971 371 3015 mis
390 2978 733 3037 proponendum
750 3012 759 3023 .
797 2979 857 3025 Et
877 2981 1008 3027 etiam
1033 2981 1136 3029 Lib..
1163 2984 1273 3033 Vll,
1310 2985 1664 3045 Confessionum
1701 3005 1741 3033 c..
1763 3002 1807 3048 9.
1827 2985 1981 3038 refert,
2016 2999 2062 3028 se
2099 2982 2144 3027 in
2162 2980 2305 3028 Libris
2328 2978 2433 3053 Pla-3

286 3037 536 3086 tonieorurn
574 3061 625 3088 ea.
662 3045 751 3089 fere
787 3048 936 3092 omnia
972 3050 1213 3111 reperisse,
1264 3067 1375 3113 quac
1412 3051 1456 3098 S.
1492 3053 1568 3098 Jo.
1622 3051 1753 3099 habet
1788 3053 1842 3098 de
1893 3059 2072 3096 aeterna
2110 3046 2242 3093 divini
2280 3043 2428 3094 Verbi

286 3106 596 3174 generatione,
628 3127 795 3173 eosque
826 3114 1115 3161 solummodo
1147 3114 1318 3179 culpat,
1376 3117 1496 3181 quod
1534 3118 1644 3165 nihilv
1679 3119 1867 3165 habeant
1902 3115 1956 3160 de
1991 3116 2105 3162 Jesu
2141 3112 2306 3161 Christi
2344 3110 2426 3156 hu-

287 3166 489 3221 mihtate,
524 3191 608 3236 qua
646 3177 786 3223 factus,
817 3191 878 3225 est
916 3180 1130 3229 obediens,
1160 3201 1300 3248 usque
1335 3183 1386 3229 ad
1426 3197 1617 3231 mortem.
1651 3196 1833 3247 propter
1867 3198 1982 3228 ⁰0⁵2

356 3230 434 3280 32.
470 3235 554 3284 His
589 3250 736 3288 tamen
770 3261 866 3292 non
900 3247 1197 3306 obstantibus,
1229 3249 1341 3296 bene
1374 3250 1501 3298 multi
1536 3251 1767 3315 'I‘heotogj
1800 3246 1959 3296 adduci,
1992 3246 2177 3295 minime
2213 3254 2429 3312 possunb,

2312 3320 2361 3355 ut
