2577 3633
304 151 383 180 190

234 217 358 255 tiones
386 211 598 252 Ecclesiae.
647 210 747 250 Nam
790 209 828 248 iu
856 208 1032 249 Concilio
1062 208 1113 246 V.
1142 223 1176 245 c.
1203 222 1236 246 ι.
1267 209 1350 247 liaec

238 267 451 307 habentur:
485 266 527 303 Si
555 268 641 316 quis
670 277 751 302 non
781 263 991 316 confitetur
1021 262 1182 310 Patris,
1210 263 1260 303 Εἰ)
1289 262 1352 300 Fi-

237 323 277 359 lii
294 351 304 369 ,
334 322 383 361 (9⁶
412 319 578 370 Spiritus
606 318 748 356 Sancti
775 331 902 354 unam
931 329 1016 354 esse
1045 325 1261 364 naturam,
1299 320 1351 355 si-

236 387 281 413 sse
310 378 558 422 essentiam,
601 386 728 410 unam
757 375 938 410 virtutem
955 400 966 419 ,
1004 369 1053 410 ὠ
1082 378 1316 420 potestatem
1338 401 1349 420 ,

239 426 480 465 Trinitatem
499 425 880 465 consubstantialem
899 455 909 472 ,
939 437 1067 461 unam
1088 423 1280 462 deitatem
1308 428 1350 462 ἰη

238 480 357 519 tribus
386 480 644 519 subsistentiis
661 511 671 529 ,
701 483 778 517 sit-e
797 481 974 529 personis
994 476 1274 527 adorandam,
1305 492 1351 516 a-

995 127 1397 173 DISSERTATIO
1430 127 1488 172 ΙΙ.
1535 126 1665 171 CAP.
1697 124 1778 170 XI.

1419 211 1526 262 plum
1543 237 1554 256 ,
1584 215 1757 258 negantes
1774 235 1785 254 ‚
1814 207 2034 244 essentiam
2045 209 2263 259 generari:
2293 206 2394 259 quod
2409 210 2533 248 onmi-

1421 278 1470 301 no
1499 262 1702 300 dicendum
1731 260 1854 308 foret,
1885 261 1915 296 si
1945 267 2016 297 tres
2036 270 2156 298 essent
2185 262 2226 299 in
2254 262 2377 299 tribus
2404 276 2532 314 perso-

1419 319 1477 356 nis
1505 315 1671 354 essentiae
1690 340 1700 351 .
1731 313 1825 350 Haec
1854 310 1945 351 talia
1973 322 2086 361 sunt,
2117 323 2154 351 ut
2184 314 2308 352 Guill.
2339 315 2466 354 Esuus
2494 318 2537 355 in

1418 371 1507 410 Lib.
1530 371 1558 407 Ι.
1591 368 1701 406 Sent.
1724 366 1823 405 Dist.
1848 367 1884 405 5.
1915 365 1954 418 ᾗ.
1982 380 2013 404 ι.
2044 379 2119 404 non
2139 368 2370 407 dubitaverit
2390 379 2536 409 senten-

1421 426 1514 462 tiam
1544 435 1674 459 eorum
1693 451 1704 469 ,
1733 421 1801 473 qui
1823 419 1954 459 volunt
1983 419 2112 472 plures
2141 433 2217 457 esse
2245 435 2406 460 numero
2433 423 2534 462 divi-

1420 492 1486 516 nas
1517 477 1715 523 essentias,
1744 473 1942 527 appellare
1971 471 2220 522 absurdam,
2248 475 2298 514 Θ·
2326 476 2537 516 catholicoe

235 534 432 573 natlzema
461 539 537 573 sit.
584 535 632 572 Et
661 532 877 585 complures
906 531 1036 569 afferri
1066 541 1217 583 possent
1245 533 1352 570 simi·
1407 530 1514 585 fidei
1543 531 1793 567 contrariam
1811 555 1822 566 .

232 586 288 627 les
317 588 502 628 Ecclesiae
531 588 766 626 definitiones
784 611 794 624 .

289 643 384 695 417.
413 641 486 681 Sed
517 656 560 679 ne
590 642 668 678 istae
689 639 892 677 eludantur
922 638 1062 690 effugio
1091 641 1245 678 unitatis
1263 649 1350 689 'spe-

233 696 392 750 cificae,
435 697 521 733 satis
551 696 620 732 erit
648 693 822 731 solemnis
853 691 920 731 illa
949 692 1110 746 Concilii
1140 693 1207 731 IV.
1238 694 1349 732 Late-

233 751 407 788 ranensis
435 761 532 787 anno
566 749 681 786 1215.
699 778 709 795 ,
741 749 780 785 iu
810 746 921 797 cujus
949 761 983 785 c.
1011 760 1044 785 ι.
1073 747 1125 785 ita
1154 748 1224 785 fuit
1253 747 1347 784 desi-

233 806 359 842 nitum
389 811 519 840 contra
548 801 740 840 celebrem
771 800 874 852 ΑΜ),
902 799 1170 839 Joachimum:
1207 800 1348 838 Firmi-

232 866 293 894 ter
322 854 520 894 credimus
541 886 551 903 ,
581 854 683 907 quod
712 868 812 892 unus
840 855 950 892 solus
979 863 1037 892 est
1065 868 1176 892 verus
1204 853 1315 892 Deus
1336 884 1346 902 ,

233 909 382 959 Pater,
411 910 460 950 ὠ
491 908 610 947 Filius
627 938 638 958 ,
667 908 717 950 (J
747 908 917 959 Spiritus
945 916 1138 946 sanctus:
1167 918 1246 946 tres
1265 911 1348 958 qui-

234 963 326 1002 dem
355 977 538 1016 personae
558 994 569 1012 ,
617 961 687 1000 sed
717 975 800 999 una
831 965 1032 1011 essentia,
1074 971 1224 999 natura
1252 965 1347 998 sim-

228 1019 326 1070 plex
354 1021 536 1056 omnino.
567 1017 614 1055 Et
643 1015 769 1055 adhuc
797 1015 939 1055 clarius
968 1015 1137 1068 loquitur
1167 1017 1347 1054 Innocen-

231 1074 307 1110 tius
338 1073 403 1110 ΙΙΙ.
434 1086 518 1123 cap.
543 1085 578 1110 2.
610 1071 808 1123 iuquiens:
855 1069 969 1118 Nos,
1008 1069 1252 1121 approbante
1281 1083 1348 1106 sa-

232 1139 299 1163 cro
333 1126 531 1172 Concilio,
584 1123 781 1162 credimus
810 1124 860 1164 ἐν
888 1122 1128 1175 confitemur
1155 1137 1246 1161 cum
1276 1123 1348 1160 Pe-

232 1190 293 1217 tro
322 1178 577 1227 Lombardo,
625 1177 726 1230 quod
754 1190 838 1215 una
878 1177 1066 1228 quiedam
1094 1191 1255 1214 summa
1285 1190 1349 1215 res

230 1243 318 1281 est,
360 1231 760 1284 incomprehensibilis
789 1230 947 1279 quidem
965 1261 974 1278 ,
1023 1231 1072 1271 (9⁴
1100 1229 1315 1280 iizeffiibilis
1336 1261 1346 1279 ,

228 1282 321 1339 quae⁴
349 1292 543 1325 veraciter
570 1294 627 1323 est
656 1284 801 1333 Pater,
848 1284 898 1325 (θ’
927 1283 1072 1332 Filius,
1102 1285 1151 1325 ἐν
1181 1283 1348 1335 Spiritus

229 1350 451 1379 sanctus...
511 1340 627 1377 Patet
669 1352 790 1391 ergo,
833 1337 935 1388 quod
976 1340 1063 1375 sine
1106 1339 1188 1375 ulla
1230 1338 1346 1376 dinzi-

230 1399 391 1432 nutione
419 1393 540 1431 Filius
568 1391 771 1429 nascendo
813 1389 1082 1427 substantiam
1115 1390 1249 1428 Patris
1278 1405 1347 1430 ac-

228 1452 348 1499 cipit,
397 1447 445 1488 &
475 1451 532 1484 ita
563 1444 711 1493 Pater,
754 1443 804 1484 <J
833 1442 953 1481 Filius
982 1443 1127 1481 habent
1157 1445 1347 1497 eamdem

227 1501 522 1549 substantiam,
571 1499 620 1540 (9-
651 1502 706 1536 sic
737 1497 883 1535 eadem
911 1510 977 1535 res
1007 1506 1065 1535 est
1096 1497 1218 1535 Pater
1239 1529 1249 1546 ,
1297 1499 1347 1539 Εἴ)

227 1554 375 1603 Filius,
423 1567 579 1592 necnon
621 1553 669 1593 (9⁴
700 1551 865 1604 Spiritus
895 1560 1058 1589 sanctus
1102 1550 1152 1589 ab
1182 1562 1344 1605 utroque

225 1609 442 1662 procedens
459 1635 469 1646 .
499 1609 540 1646 ln
570 1606 700 1645 eodem
721 1607 835 1644 etiam
862 1605 1011 1644 decreto
1024 1604 1225 1643 definitum
1243 1607 1314 1644 fuit
1329 1637 1340 1656 ,

227 1664 330 1716 quod
359 1663 488 1701 divina
516 1660 722 1700 substantia
741 1691 751 1708 ,
794 1661 970 1708 essentia,
1008 1659 1071 1698 vel
1101 1669 1232 1698 natura
1260 1674 1342 1699 non

227 1727 287 1755 est
314 1730 545 1769 generans,
573 1728 698 1767 neque
712 1717 878 1767 genita,
908 1726 982 1750 nec
995 1713 1212 1764 procedens
1227 1729 1243 1758 ;
1272 1714 1342 1752 sed

229 1781 289 1809 est
310 1772 433 1808 Pater
449 1801 459 1819 ,
492 1773 556 1821 qui
583 1777 753 1820 generat
769 1797 779 1816 ,
809 1770 858 1808 (9²
880 1766 1000 1804 Filius
1017 1797 1027 1815 ,
1057 1771 1121 1817 qui
1149 1772 1344 1819 gignitur,

229 1826 279 1865 Εἴ)
309 1825 473 1874 Spiritus
502 1823 702 1869 Sanctus,
731 1825 796 1872 qui
822 1820 1021 1869 procedit,
1063 1829 1103 1856 ut
1131 1820 1346 1859 distinctio-

232 1892 304 1916 nes
334 1882 411 1915 sint
442 1880 483 1914 in
510 1878 690 1926 personis
708 1903 718 1921 ‚
746 1874 796 1913 Θ
826 1877 964 1910 unitas
993 1877 1035 1910 in
1063 1882 1240 1911 natura.
1278 1875 1352 1912 Cui

233 1931 477 1978 definitioni,
515 1942 603 1981 quae
633 1927 925 1965 controversiam
955 1940 1108 1964 omnem
1138 1927 1183 1963 de
1213 1925 1283 1964 hac
1312 1941 1354 1965 re

231 1986 440 2024 terminare
470 1984 564 2020 iuter
584 1979 797 2019 Catholicos
827 1980 1008 2026 deberet,
1040 1992 1259 2019 consensere
1281 1979 1350 2019 Pa-

233 2049 305 2079 tres
336 2036 479 2090 Synodi
510 2035 743 2073 Florentinae
786 2033 884 2072 Sess.
903 2032 1014 2071 XIX.
1046 2032 1083 2085 ς’.
1127 2043 1167 2071 ut
1211 2047 1349 2075 exem-

234 2192 276 2214 co
302 2179 392 2219 sint,
417 2189 493 2222 quae
520 2175 625 2211 hahet
651 2187 686 2222 p.
713 2175 817 2218 245*
863 2196 889 2216 „
915 2174 1005 2210 Cum
1031 2173 1125 2208 Deus
1151 2185 1213 2209 nec
1239 2186 1346 2222 genus

234 2250 260 2268 ,,
288 2227 355 2266 sit,
381 2237 444 2258 nec
470 2224 625 2269 species,
650 2224 740 2256 sicut
767 2223 924 2265 animal,
950 2226 981 2254 ἃ
1007 2221 1136 2264 bomo,
1161 2232 1200 2256 ιιι
1225 2225 1346 2268 Augu-

235 2296 260 2314 „
286 2274 398 2305 stinus
425 2280 517 2304 recte
542 2271 729 2309 observat,
757 2270 836 2303 Lib.
855 2270 934 2302 Vll.
953 2270 996 2302 de
1017 2268 1111 2302 Trin.
1132 2282 1161 2302 c.
1181 2270 1237 2311 6.,
1262 2270 1345 2304 hinc

233 2343 261 2362 2,
286 2332 348 2352 nec
375 2320 409 2351 in
434 2319 506 2351 Deo
544 2317 623 2350 talis
650 2324 763 2362 potest
800 2316 967 2360 specifica
1003 2319 1116 2349 unitas
1142 2328 1214 2349 esse
1235 2339 1245 2357 ‚
1288 2318 1344 2350 cui

233 2389 260 2408 ,‚
287 2366 355 2399 tria
380 2366 449 2398 sint
475 2363 632 2408 subjecta
649 2385 659 2403 ‚
693 2375 756 2396 ceu
782 2361 928 2396 totidem
953 2361 1025 2402 dii,
1064 2371 1103 2395 ιιι
1129 2363 1165 2394 in
1191 2363 1346 2398 bumana

234 2436 261 2455 ‚‚
286 2413 323 2445 fit
349 2413 481 2457 specie,
518 2423 593 2455 quae
621 2410 788 2449 Petrum,
832 2412 862 2441 &
890 2409 1057 2448 Paulum,
1099 2411 1132 2441 δι
1167 2409 1344 2445 Andream

235 2482 261 2500 2,
287 2459 350 2492 sub
376 2471 410 2492 se
436 2458 589 2491 continet
605 2479 613 2488 .
640 2457 735 2489 Dum
762 2457 878 2501 itaque
904 2454 1076 2496 dicimus,
1100 2455 1166 2488 Dei
1190 2468 1263 2489 esse
1285 2470 1345 2490 na-

234 2528 261 2547 „
288 2515 405 2538 turam
433 2509 546 2548 specie
572 2517 690 2545 unam,
715 2516 755 2536 eo
780 2514 882 2536 sensu
907 2501 1079 2542 dicimus,
1112 2511 1150 2534 ut
1177 2502 1344 2536 excluda-

234 2575 261 2593 „
287 2561 344 2586 tur
370 2556 539 2585 numerica
564 2559 677 2584 unitas
704 2553 734 2582 δε
753 2549 928 2582 ‹listinctae
949 2561 1082 2582 munero
1101 2549 1343 2593 intelligantur

235 2621 261 2641 2,
287 2608 444 2632 nnturae:
485 2609 698 2643 quamquain
725 2609 744 2630 a
771 2597 904 2629 ratione
929 2596 1056 2641 speciei
1082 2595 1209 2628 stricto
1235 2596 1348 2630 Philo-

239 2668 264 2687 „
289 2646 477 2690 sophorum
504 2657 605 2678 sensu
620 2666 631 2685 ‚
657 2644 717 2687 qui
741 2656 785 2676 ex
800 2643 963 2676 humanis
990 2654 1051 2676 sua
1069 2643 1170 2675 unice
1188 2655 1348 2687 sumpse-

236 2714 264 2733 „
290 2701 397 2731 runt,
437 2700 587 2736 acceptae
623 2690 761 2723 deficiat
783 2713 791 2721 .
834 2693 860 2712 “
887 2689 974 2733 Quis
1013 2700 1118 2734 porro
1152 2689 1350 2733 intelligat,

240 2761 267 2779 ‚,
292 2738 381 2771 lianc
408 2747 570 2771 naturam
588 2760 598 2778 ‚
624 2749 700 2782 quae
730 2741 777 2770 sit
805 2740 920 2780 specie
946 2749 1035 2776 una,
1071 2735 1121 2769 ita
1145 2745 1180 2769 ut
1207 2741 1352 2769 numeri-

239 2798 313 2819 cam
337 2789 501 2818 unitatem
526 2786 688 2818 excludat
708 2806 720 2824 ,
765 2796 782 2816 a
809 2784 943 2816 ratione
970 2792 1086 2816 tamen
1120 2783 1244 2827 speciei
1272 2794 1354 2827 pro-

241 2832 316 2877 prie
344 2840 490 2876 sumptae
517 2830 687 2864 deficere?
729 2828 794 2863 Sed
819 2829 915 2870 baec,
940 2833 971 2861 &
998 2830 1065 2862 alia
1090 2828 1293 2862 obscuriora
1318 2830 1354 2862 in

239 2891 318 2923 qua*
345 2877 546 2918 delabitur,
572 2887 609 2910 ιιι
637 2878 768 2910 claram
795 2878 940 2917 arcani,
966 2879 998 2908 δε
1016 2875 1202 2910 ineffabilis
1227 2885 1356 2921 myste-

239 2926 282 2957 rii
310 2925 408 2958 nobis
437 2924 612 2958 notionem
639 2923 862 2968 suppeditet,
887 2932 1008 2956 auctor
1035 2922 1106 2966 ipse
1132 2922 1286 2955 viderit.

293 2977 340 3010 (u)
367 2973 414 3004 De
441 2969 772 3003 JoachimoAbbate
790 2970 997 3002 Monasterii
1020 2969 1192 3001 Florensis
1212 2968 1246 3001 in
1260 2969 1357 3002 Dioe-

244 3019 310 3050 cesi
340 3018 549 3056 cosentina,
575 3018 629 3049 cui
658 3014 878 3049 Bollandistae
907 3016 1051 3048 titulum
1066 3015 1168 3048 Beati
1195 3016 1355 3049 tribuunt

244 3062 287 3095 ad
313 3062 403 3095 diem
433 3076 487 3107 22⁷¹·
517 3064 603 3096 Maii
631 3063 732 3095 Tom.
760 3063 818 3095 Vl.
857 3063 1024 3094 nonnulla
1059 3061 1212 3095 diximus
1241 3063 1284 3095 T.
1311 3064 1353 3095 ΙΙ.

244 3109 338 3142 Diss.
361 3111 400 3141 ll.
427 3123 459 3141 n.
477 3113 533 3152 37.
563 3111 594 3141 in
616 3118 686 3142 not.
715 3109 817 3143 Nunc
845 3117 983 3141 tantum
1004 3106 1188 3148 addimus,
1214 3117 1354 3141 senten-

244 3156 329 3188 tiam
359 3155 446 3186 Petri
476 3155 662 3189 Lomlmrdi
679 3178 690 3196 ‚
729 3167 835 3200 qumn
860 3163 897 3186 ιιι
923 3153 1155 3188 orthodoxam
1182 3155 1354 3200 approba-

245 3202 297 3234 vit
313 3202 531 3233 innocemiuz
554 3203 642 3245 Papa
659 3224 669 3242 ‚
697 3203 803 3235 fuisse
831 3200 884 3233 llis
909 3202 1026 3234 verbis
1052 3213 1253 3246 expressam
1275 3201 1352 3234 Lib.

244 3249 271 3281 I.
299 3248 391 3280 Diss.
413 3247 462 3279 5.:
493 3247 686 3281 Catholicis
713 3249 960 3282 tractatoribus
988 3253 1241 3281 consentientes
1260 3250 1354 3281 dict-

246 3308 343 3333 mus,
369 3293 454 3337 quod
480 3305 540 3324 nec
568 3292 670 3326 Pater
695 3297 830 3327 (livinus
850 3299 1035 3328 essentiam
1053 3299 1194 3338 genuit,
1220 3308 1282 3328 nee
1299 3297 1355 3328 di-

247 3346 322 3375 vina
351 3343 503 3373 essentia
527 3344 645 3382 genuit
671 3340 823 3380 Filium,
864 3353 924 3373 nec
951 3343 1068 3374 (licina
1106 3346 1260 3375 essentia
1295 3354 1355 3384 ge-

249 3391 324 3420 nuit
349 3389 554 3420 essentiam.
580 3385 652 3417 Ilm
677 3395 783 3420 autem
809 3391 941 3420 notizine
958 3391 1115 3421 essentiae
1130 3390 1358 3432 intelligimus

1474 583 1567 630 4¹3·
1598 583 1755 621 Frustra
1783 591 1909 621 autem
1940 582 2156 635 excipitur,
2205 581 2320 619 fuisse
2351 578 2396 620 eir
2425 583 2534 623 Late·

1420 638 1571 676 ramensi
1601 637 1750 675 decreto
1779 637 1994 674 damnatam
2017 636 2226 674 doctrinam
2246 635 2438 675 Joachimi
2456 639 2535 676 Ab-

1418 691 1517 730 batis
1535 721 1544 738 ,
1573 693 1641 744 qui
1671 689 1849 739 volebat,
1887 700 1958 727 tres
1988 692 2028 727 in
2059 689 2141 727 Deo
2169 704 2246 728 esse
2275 692 2451 729 essentias
2480 690 2538 729 di-

1417 758 1554 784 rersas
1567 759 1581 781 .·
1611 758 1686 783 non
1703 754 1829 782 autem
1851 745 2088 794 doctrinam)
2117 757 2204 797 quae
2222 743 2304 783 vult
2321 774 2332 793 ,
2361 754 2433 783 tres
2449 747 2538 797 qui-

1415 799 1504 837 dem
1535 813 1612 837 esse
1641 800 1814 837 essentias
1843 798 2051 836 distinctas
2069 827 2079 844 ,
2127 797 2193 835 sed
2221 811 2294 836 non
2325 797 2502 837 diversas
2523 826 2536 838 .

1416 852 1576 891 Frustra
1617 854 1805 906 inquam3
1853 853 1980 905 primo
2022 852 2122 889 euim
2154 852 2397 890 Innocentius
2425 866 2534 891 sacro

1416 907 1648 958 approbante
1677 906 1849 945 Concilio
1877 908 1928 944 ita
1957 906 2176 958 proscripsit
2218 918 2414 944 erroneam
2445 907 2535 944 Jou-

1415 960 1536 998 chimi
1565 961 1777 999 doctrinam
1796 990 1807 1009 ,
1846 968 1886 998 ut
1916 960 2129 1012 oppositam
2158 959 2404 998 confirmaret
2432 958 2535 998 Petri

1418 1014 1628 1052 Lombardi
1648 1045 1658 1062 ,
1688 1016 1756 1067 qui
1786 1028 1861 1052 una
1889 1028 1978 1052 cum
2009 1014 2142 1052 ceteris
2163 1011 2366 1065 Theologis
2395 1026 2534 1052 nume-

1415 1070 1546 1105 ricam
1577 1070 1614 1107 in
1643 1069 1785 1106 divinis
1814 1069 1982 1120 personis
2012 1067 2209 1106 essentiam
2238 1081 2318 1106 esse
2346 1067 2537 1106 docebat.

1417 1120 1587 1160 Ulterius
1629 1123 1927 1174 sapientissimus
1969 1120 2035 1158 ille
2065 1121 2235 1158 Pontifex
2278 1123 2334 1159 ita
2370 1122 2536 1175 explicat

1417 1177 1599 1213 unitatem
1630 1183 1778 1213 naturae
1807 1176 1948 1213 divinae
1966 1204 1976 1223 ,
2008 1183 2047 1213 ut
2076 1175 2121 1212 sit
2148 1176 2308 1213 omnino
2336 1175 2501 1227 simplex
2520 1206 2533 1225 ,

1420 1244 1582 1282 eamque
1611 1230 1765 1280 opponit
1794 1241 2045 1281 personarum
2073 1228 2342 1277 distinctioni,
2371 1230 2534 1268 addens:

1421 1281 1522 1320 Hoec
1551 1283 1592 1320 S.
1627 1280 1803 1320 Trinitas
1840 1280 2063 1319 secundum
2104 1294 2360 1320 communem
2401 1296 2536 1322 essen-

1414 1340 1517 1373 tiam
1547 1335 1747 1374 inciis'islua
1764 1366 1774 1384 ,
1804 1335 1853 1375 Φ
1873 1334 2091 1372 secundum
2109 1335 2338 1383 personales
2364 1336 2535 1388 proprie-

1419 1399 1523 1427 tates
1552 1390 1725 1427 discreta
1740 1404 1756 1434 ‚·
1791 1387 1932 1441 quibus
1963 1387 2090 1428 verbis
2119 1400 2196 1426 non
2225 1386 2347 1425 solum
2378 1387 2537 1427 (liversi-

1417 1451 1508 1491 tas,
1539 1444 1603 1481 sed
1633 1444 1747 1481 etiam
1776 1455 2036 1495 quaecumque
2065 1442 2264 1480 distinctio
2293 1440 2534 1481 excluditur.

1417 1496 1549 1534 Tertio
1577 1506 1708 1549 negat,
1739 1498 1937 1535 essentiam
1968 1498 2007 1534 in
2038 1495 2140 1535 Filio
2167 1499 2386 1548 generari:
2433 1497 2537 1549 quod

1417 1559 1543 1589 tamen
1571 1552 1731 1589 omnino
1759 1565 1908 1589 necesse
1938 1550 2060 1599 foret,
2089 1551 2118 1588 si
2149 1551 2188 1588 in
2217 1550 2457 1602 generatione
2477 1550 2534 1589 di·-

1410 1606 1500 1643 viua
1530 1604 1854 1657 multiplicaretur
1884 1605 2043 1644 essentia
2073 1604 2168 1654 (a).

1463 1658 1556 1711 4¹9.
1585 1658 1765 1709 Objectio
1794 1659 1949 1711 prima,
1997 1658 2031 1694 δι
2073 1658 2270 1710 potissima
2311 1658 2454 1710 petitur
2484 1672 2528 1702 ex

1418 1712 1607 1765 frequenti
1629 1713 1669 1752 S.
1685 1712 1841 1750 Patrum
1860 1712 2038 1765 loquendi
2071 1725 2140 1749 usu
2157 1741 2168 1760 ,
2198 1712 2429 1758 dicentium,
2458 1725 2536 1750 ua-

1414 1774 1552 1804 turam
1580 1765 1668 1804 filu·
1697 1780 1783 1804 esse
1810 1769 1995 1818 genitam
2013 1796 2024 1815 ‚
2073 1765 2133 1802 vel
2163 1774 2337 1810 natam;
2385 1765 2535 1805 Filium

1419 1834 1495 1856 esse
1524 1819 1659 1857 Deum
1688 1829 1785 1858 ante
1813 1821 1965 1858 soecula
1992 1823 2171 1871 genitum
2189 1848 2200 1866 ,
2249 1833 2326 1857 esse
2368 1833 2422 1858 ex
2449 1819 2537 1858 sub-

1419 1876 1575 1910 stantia
1605 1873 1738 1910 Patris
1757 1887 1783 1918 ;»
1821 1886 1864 1910 ac
1893 1872 2059 1924 deniqne
2089 1870 2236 1911 Patrem
2275 1886 2353 1910 esse
2370 1872 2536 1925 fontem

1421 1925 1607 1974 deitatis,
1638 1940 1709 1964 non
1737 1925 1814 1964 alio
1841 1935 1942 1964 certe
1971 1940 2082 1964 sensu
2104 1956 2115 1974 ,
2164 1927 2235 1964 nisi
2265 1926 2357 1978 quia
2385 1926 2502 1965 deitas
2523 1956 2535 1975 ,

1420 1993 1485 2017 seu
1516 1981 1676 2018 essentia
1706 1979 1801 2018 Filii
1843 1980 1893 2017 ab
1923 1982 2005 2031 ipso
2033 1979 2140 2017 Patre
2177 1981 2415 2032 generatione
2445 1993 2532 2033 pro-

1417 2033 1544 2073 cedit.
1574 2034 1630 2073 Ita
1658 2034 1869 2087 saepissime
1898 2032 2152 2083 Athanasius,
2200 2033 2401 2082 Hilarius,
2431 2034 2535 2072 Basi-

2372 2088 2450 2127 lius
2466 2118 2478 2137 ‚

1415 2172 1566 2210 divinam
1591 2180 1743 2210 naturam
1759 2196 1770 2216 ,
1812 2188 1878 2220 quae
1906 2177 2086 2209 communis
2122 2183 2176 2209 est
2201 2175 2310 2207 tribus
2347 2176 2534 2217 personis,

1415 2226 1456 2256 <9⁹
1483 2231 1554 2256 tota
1579 2227 1615 2255 in
1641 2224 1813 2266 singulis.
1840 2222 1958 2255 Abbas
1984 2233 2067 2254 vero
2084 2221 2288 2254 Joachimus
2308 2220 2452 2254 Petrum
2472 2230 2535 2265 ap-

1413 2270 1550 2314 pellans
1577 2270 1794 2309 haeretz‘cum,
1820 2271 1852 2301 &
1877 2272 2058 2308 insanum,
2101 2280 2169 2301 non
2195 2268 2302 2301 aliam
2329 2266 2472 2301 admisit
2498 2268 2535 2300 in

1415 2316 1591 2349 Trinitate
1618 2317 1814 2356 unitatem,
1841 2327 1900 2348 seu
1926 2316 2042 2360 potius
2069 2319 2249 2355 unionem,
2274 2325 2380 2359 (iiiam
2406 2317 2536 2348 simili-

1417 2364 1653 2404 uzdtnariam,
1677 2365 1836 2397 moralem
1851 2384 1862 2403 ‚
1890 2367 1931 2396 Θ
1949 2364 2191 2402 collectivam,
2217 2361 2331 2407 qualis
2357 2370 2410 2395 est
2437 2362 2473 2394 in
2492 2374 2536 2394 u-

1414 2421 1459 2442 na
1485 2410 1649 2450 civitate,
1677 2409 1712 2442 in
1739 2421 1814 2443 uno
1832 2410 1984 2454 populo,
2010 2409 2046 2442 in
2072 2421 2141 2442 una
2160 2408 2345 2449 Ecclesia3
2371 2407 2462 2441 unde
2481 2416 2536 2441 et-

1414 2456 1484 2489 iarn
1510 2455 1555 2490 ad
1581 2468 1658 2489 eam
1695 2455 1973 2489 confirmandam
2011 2455 2224 2491 abutebatur
2261 2456 2304 2488 iis
2341 2455 2458 2488 verbis
2484 2456 2534 2488 A·

1413 2512 1551 2536 ctorum
1575 2503 1636 2536 IV.
1656 2517 1664 2534 :
1709 2503 1954 2537 Multitudinis
1979 2504 2192 2536 credentium
2228 2511 2302 2536 erat
2327 2514 2387 2535 cor
2413 2514 2534 2540 unum,

1423 2553 1464 2582 Θ
1490 2553 1603 2583 anima
1629 2563 1717 2588 una;
1744 2558 1819 2583 tum
1845 2550 1888 2583 iis
1918 2562 1946 2583 ι.
1973 2549 2016 2583 ad
2043 2550 2204 2584 Corinth.
2230 2550 2290 2582 VI.
2307 2571 2317 2589 ,
2343 2548 2412 2594 Qui
2437 2550 2540 2593 plan-

1424 2604 1475 2629 tat
1491 2618 1502 2637 ,
1529 2600 1571 2630 (y
1597 2600 1652 2641 qui
1678 2600 1796 2642 rigat,
1821 2610 1918 2630 unum
1943 2605 2046 2634 sunm
2072 2597 2218 2640 aliisque
2233 2596 2427 2630 similibus.
2455 2593 2537 2628 Vid.

1420 2642 1505 2676 Nat.
1534 2642 1733 2676 Alexander
1760 2644 1794 2676 in
1821 2645 1907 2677 Saee.
1935 2644 2029 2676 Xlil.
2055 2655 2129 2688 cap.
2156 2645 2189 2676 3.
2217 2652 2284 2676 art.
2313 2644 2345 2676 3.
2373 2644 2539 2676 Ceterum

1423 2690 1458 2721 S.
1486 2689 1641 2723 Thomas
1667 2691 1797 2735 Opusc.
1826 2690 1882 2732 24.
1916 2690 1952 2723 in
1978 2690 2122 2723 Decret.
2149 2690 2417 2723 celeberrimum
2442 2688 2538 2721 huno

1421 2735 1597 2769 Florensis
1624 2738 1833 2771 Monasterii
1862 2738 1898 2769 in
1926 2737 2092 2770 Calabria
2117 2737 2361 2770 institutorem
2398 2736 2441 2769 ab
2466 2735 2539 2767 hae-

1422 2783 1489 2815 resi
1516 2792 1681 2824 excusat,
1721 2785 1804 2828 quia
1830 2796 1899 2816 non
1925 2784 1992 2816 fnit
2024 2784 2222 2828 pertinen-:j
2253 2787 2294 2817 <9⁰
2321 2786 2450 2825 scripta
2477 2792 2537 2812 sua

1422 2830 1633 2871 Apostolicae
1659 2831 1757 2863 sedis
1776 2831 1915 2877 judicio
1942 2831 2116 2876 subjecit,
2157 2840 2194 2863 ιιι
2221 2839 2314 2875 patet
2339 2842 2380 2861 ex
2419 2835 2538 2871 prote-

1422 2875 1571 2909 statione
1597 2876 1758 2920 ejusdem
1782 2877 1944 2922 operibus
1972 2877 2139 2921 praefixa.
2177 2876 2275 2909 Unde
2299 2875 2405 2907 etiam
2436 2876 2537 2905 inno-

1421 2921 1557 2954 centius
1584 2923 1756 2956 Joacliimi
1777 2945 1788 2964 ‚
1828 2923 1973 2968 ejusque
2000 2923 2205 2956 Monasterii
2231 2921 2419 2954 honoribus
2449 2919 2537 2952 nibil

1424 2966 1632 3011 derogatum
1657 2971 1794 3009 volnit3
1821 2969 1913 3014 quod
1933 2978 2051 3013 postea
2071 2967 2230 3012 ampliori
2247 2966 2434 3011 diplomate
2453 2978 2538 2999 con-

1424 3013 1577 3046 firmavit
1599 3015 1772 3049 Honorius
1790 3018 1848 3049 tlt.
1876 3015 2066 3049 innocentii
2086 3025 2284 3046 successor.
2311 3015 2435 3047 Conati
2456 3013 2536 3058 qui-

1420 3059 1502 3093 dem
1530 3070 1609 3093 sunt
1636 3063 1745 3106 aliqui
1771 3060 2061 3095 Joaehinmmrsdi
2087 3072 2204 3093 errore
2230 3061 2335 3093 etiam
2362 3071 2532 3104 purgare,

1423 3106 1482 3140 sed
1508 3118 1632 3150 parum
1658 3109 1829 3149 feliciter,
1859 3117 1897 3140 ιιι
1921 3106 2073 3140 ostendit
2101 3106 2192 3139 laud.
2222 3106 2304 3139 Nat.
2332 3104 2532 3140 Alexander

1423 3154 1458 3186 in
1482 3153 1631 3186 Dissert-
1659 3156 1701 3187 ΙΙ.
1730 3156 1902 3188 putarunt
1930 3153 2014 3192 alii,
2057 3154 2293 3187 venerabilem
2319 3152 2414 3186 huuc
2440 3152 2534 3185 Scri-

1421 3208 1557 3245 ptorem
1572 3201 1778 3234 sententiam
1793 3200 1833 3233 de
1846 3199 2070 3233 distinctione
2084 3199 2211 3232 divinae
2225 3201 2401 3239 essentiae,
2425 3210 2533 3244 quam

1421 3246 1542 3290 junior
1570 3247 1707 3279 incaute
1723 3247 1886 3280 docuerat
1901 3268 1912 3286 ‚
1939 3246 2109 3278 seniorem
2128 3258 2308 3280 revocasse
2322 3268 2333 3287 ‚
2362 3250 2393 3278 &
2420 3246 2455 3278 in
2472 3256 2534 3277 suo

1421 3292 1649 3327 Decachordo
1673 3297 1867 3336 psalterio,
1909 3290 2000 3337 quod
2026 3294 2193 3326 extremis
2220 3295 2301 3328 vitae
2337 3304 2407 3326 suae
2434 3291 2533 3324 annis

1423 3339 1642 3383 composuit,
1681 3341 1898 3373 numericam
1922 3338 2050 3374 divinae
2075 3341 2234 3375 essentiae
2268 3341 2440 3374 unitatem
2464 3348 2534 3371 non

1426 3386 1572 3420 obscure
1598 3383 1799 3429 indigitasse
1814 3409 1821 3416 .
