2577 3633
913 143 994 189 DE
1028 143 1132 189 DEI
1163 144 1443 191 UNITA'I'E
1464 177 1476 190 .

125 230 190 284 78.
219 228 332 280 Resp.
360 226 501 279 primae
531 224 749 266 difficultati
777 237 864 277 neg.
892 237 997 262 cons.
1039 232 1113 262 tres
1139 239 1177 263 e-

67 284 149 323 nim
174 283 317 321 divinae
346 280 521 319 Personae
551 294 668 319 unam
686 310 698 329 ,
737 279 991 330 eamdemque
1020 291 1179 315 numero

67 336 210 375 habent
237 336 435 373 essentiam
452 363 463 382 ‚
493 347 693 387 unumque
723 341 920 386 propterea
940 331 1068 369 Deum
1088 344 1178 368 con-

63 389 253 427 stituunt:
294 396 368 425 tres
396 395 524 425 autem
553 387 606 425 dii
637 388 828 425 diversam
857 384 1041 423 haberent
1071 393 1178 422 natu-

65 453 180 488 ram,
209 454 372 492 eamque
399 440 550 479 infinite
581 439 816 493 perfestam,
859 437 960 491 quod
990 436 1077 475 fieri
1107 449 1179 475 non

65 506 175 545 posse
195 494 406 532 rationibus
425 507 540 545 supra
555 493 850 531 demonstratum
871 499 943 529 est.
976 489 1077 528 Cum
1097 499 1177 528 tres

65 546 149 584 iltae
177 559 382 597 personae,
410 547 538 599 inquit
566 546 723 585 Saucius
751 544 968 584 Bernartius
987 544 1109 582 Libro
1126 543 1179 582 V.

65 598 118 637 de
149 598 475 638 Consideratione
516 614 602 650 cap.
635 614 672 651 7.
714 599 786 637 illa
813 597 1037 636 substantia
1073 601 1178 645 sint,

65 652 118 694 &
147 653 218 691 illa
256 665 341 690 ιιηα.
369 653 596 691 substantia
636 662 716 691 tres
745 665 952 703 personoe,
995 654 1079 701 quis
1107 663 1180 687 nu-

64 718 225 743 merum
253 705 412 758 neget?
452 720 554 744 nam
583 718 672 745 vere
700 715 780 744 tres
809 714 928 743 sunt.
982 704 1080 755 Quis
1107 716 1180 740 nu-

67 767 198 797 meret
225 759 406 798 tamen?
433 773 536 798 nam
563 772 651 798 vere
679 773 805 797 unum
833 766 951 795 sunt.

123 825 188 865 79.
217 813 420 861 Quomodo
448 822 575 852 autem
604 822 676 850 tres
704 812 878 850 Personae
908 808 1076 847 infinitae
1106 810 1179 848 sint

63 865 109 904 :in
137 868 246 905 omni
288 880 453 918 genere,
501 866 535 903 &
564 865 816 904 nihilominus
843 863 944 901 inter
979 876 1016 900 se
1045 863 1179 901 distin—

61 927 255 969 guantur,
271 933 345 957 non
360 933 437 958 uno
453 920 564 957 modo
575 917 772 971 explicant
788 915 973 967 Theologi
989 916 1029 953 in
1049 915 1181 955 Tract.

64 970 116 1009 de
140 971 178 1009 T
173 976 325 1012 rinitat.
355 973 493 1011 Nostra.
517 980 644 1009 autem
662 999 673 1018 ,
703 969 736 1005 8t
765 970 1006 1007 communior
1035 978 1182 1007 senten-

63 1025 123 1063 tia
150 1034 229 1074 est,
258 1039 373 1064 unam
402 1037 605 1077 personam
633 1023 684 1061 ab
713 1022 800 1061 aliis
828 1023 1011 1074 distingui
1042 1023 1183 1074 praedi-

64 1079 188 1126 catis,
218 1077 253 1113 &
281 1077 580 1130 proprietatibus
607 1076 804 1122 relativis3
845 1089 941 1128 quas
970 1077 1184 1127 proprieta-

66 1139 119 1166 tes
147 1129 237 1168 aliae
267 1143 439 1183 personae
470 1143 542 1168 non
571 1129 713 1169 habent
741 1129 899 1182 quidem
919 1128 1154 1167 immediate
1171 1160 1183 1177 ,

65 1182 118 1223 (9⁰
145 1187 303 1222 ratione
329 1196 541 1235 personae,
570 1182 713 1222 habent
741 1192 868 1221 tamen
897 1180 1096 1231 mediate,
1133 1184 1184 1223 ἔν

66 1239 227 1276 ratione
254 1245 434 1286 naturae,
463 1250 553 1290 quae
582 1237 714 1274 eadem
744 1246 796 1274 est
825 1237 864 1274 in
884 1235 1089 1274 omnibus.
1118 1235 1183 1274 Sic

65 1288 177 1328 Pater
195 1320 207 1339 ,
245 1299 286 1328 ut
315 1290 424 1328 Pater
451 1299 532 1340 est,
568 1303 643 1328 non
672 1289 785 1328 hahet
814 1288 1042 1328 filiationem
1066 1318 1076 1337 ,
1112 1303 1185 1327 nec

67 1341 195 1382 Filius
212 1372 223 1391 ‚
251 1353 292 1382 ut
311 1343 440 1382 Filius
456 1353 508 1382 est
524 1374 536 1393 ,
565 1342 679 1382 habet
694 1345 961 1396 paternitatem
977 1356 989 1388 3
1017 1343 1110 1395 quia
1129 1351 1184 1382 ta-

66 1408 160 1434 men
189 1405 348 1448 uterque
377 1411 516 1446 unam,
553 1398 805 1449 eamdemque
834 1404 1011 1434 naturam
1041 1394 1184 1444 habet,

65 1462 157 1500 quas
186 1465 209 1487 a
236 1451 487 1501 paternitate,
516 1450 728 1499 filiatione,
771 1450 982 1501 ceterisque
1010 1450 1184 1501 proprie-

65 1502 210 1540 tatibus
226 1502 397 1542 relativis
413 1517 485 1542 non
500 1504 764 1554 distinguitur,
793 1504 986 1555 sequitur,
1007 1500 1183 1550 Patrem,

66 1555 259 1599 mediante
287 1565 420 1594 natura
437 1587 448 1604 ,
476 1571 554 1609 qua
574 1557 679 1594 Deus
699 1564 770 1602 est,
801 1555 943 1593 habere
962 1554 1076 1590 etiam
1096 1567 1184 1605 per-

65 1607 248 1647 sectiones
277 1608 399 1656 Filii,
429 1609 463 1645 8(
492 1609 659 1660 Spiritus
687 1606 844 1654 Sansti,
885 1620 973 1658 quae
1003 1620 1024 1643 a
1053 1615 1188 1646 natura

67 1660 295 1708 dimanant,
324 1661 358 1696 8(
387 1674 477 1699 cum
498 1674 541 1698 ea
564 1674 681 1697 unum
698 1690 709 1708 ,
739 1660 919 1709 idemque
935 1666 1050 1695 sunt.
1080 1658 1186 1697 Idem

67 1713 116 1749 de
137 1712 266 1760 Filio,
296 1712 330 1747 &
358 1714 405 1750 de
424 1713 572 1763 Spiritu
591 1711 729 1749 Sancto
757 1711 907 1747 dicatur
922 1735 932 1746 .
960 1711 1099 1746 Contra
1120 1723 1185 1747 ve-

67 1776 113 1802 ro
140 1764 269 1815 plures
297 1764 374 1813 dii,
403 1773 580 1802 naturam
610 1763 790 1801 habentes
809 1762 998 1799 diversam
1016 1789 1027 1807 ,
1057 1774 1184 1813 neque

65 1816 330 1864 immediate,
373 1829 497 1868 neque
523 1815 701 1854 mediate
729 1823 878 1868 possent
914 1814 1066 1852 easdem
1096 1828 1183 1866 per-

65 1870 250 1908 fectiones
278 1867 444 1908 habere:
474 1869 575 1907 unde
598 1869 727 1917 fieret,
758 1877 798 1906 ut
816 1880 932 1905 nemo
951 1866 1109 1905 illorum
1125 1882 1182 1907 es-

67 1931 123 1961 set
150 1923 257 1960 omni
287 1922 568 1974 perfectionum
596 1936 734 1975 genere
762 1921 922 1960 donatus
939 1947 950 1959 .

121 1974 189 2014 80.
218 1975 293 2014 Ob.
314 1985 471 2027 quarto.
499 1975 590 2014 Esse
610 1975 767 2029 aliquod
789 1983 973 2013 aeternum
988 2005 999 2023 ,
1029 1972 1063 2009 8(
1079 1986 1183 2013 sum·

65 2040 177 2067 mum
204 2030 381 2067 omnium
411 2028 604 2068 malorum
625 2029 863 2082 principium
895 2028 929 2065 8(
948 2027 1078 2066 Deum
1099 2041 1183 2067 ma-

63 2080 149 2119 lum
179 2095 298 2120 sacrae
328 2081 465 2121 litterae
495 2081 599 2121 haud
627 2083 788 2122 obscure
817 2082 1009 2121 indicant.
1045 2079 1183 2119 Eccle-

65 2136 210 2174 siastici
232 2135 423 2174 XXXIII.
449 2137 510 2175 15.
544 2135 696 2174 Contra
725 2137 881 2174 malum
902 2135 1047 2173 bonum
1068 2144 1126 2172 est
1142 2162 1183 2175 ...

68 2188 171 2237 duo,
200 2189 250 2228 (θ’
280 2188 382 2237 duo,
411 2189 461 2231 ὠ·
490 2203 614 2229 unum
643 2198 786 2228 contra
814 2203 937 2227 unum
955 2203 972 2233 ;
1001 2190 1034 2226 8(
1059 2186 1184 2228 XLII.

66 2242 138 2280 25.
170 2241 324 2280 Omnia
352 2242 551 2294 duplicia,
592 2257 718 2281 unum
754 2253 898 2281 contra
934 2256 1058 2282 unum
1089 2244 1183 2295 (a).

68 2293 261 2332 Similiter
289 2294 405 2334 Amos
434 2297 501 2335 ΙΙΙ.
532 2297 571 2335 6.
600 2298 760 2336 dicitur:
791 2297 832 2335 Si
861 2300 935 2335 erit
962 2299 1121 2336 malum
1141 2301 1183 2334 in

69 2350 256 2395 civitate,
298 2349 397 2398 quod
424 2363 505 2388 non
529 2349 681 2402 jecerit
709 2350 936 2398 Dominus,
980 2352 1014 2388 8(
1046 2367 1083 2391 2.
1112 2351 1183 2389 Co-

68 2400 187 2438 rinth.
210 2399 279 2438 IV.
302 2400 339 2445 4.
369 2400 481 2440 Deus
509 2404 625 2456 hujus
652 2404 789 2442 soeculi
817 2409 1039 2443 excoecavit
1068 2417 1182 2443 men-

70 2462 130 2491 tes
160 2453 382 2507 infidelium
399 2480 408 2492 .
440 2456 495 2492 Ac
523 2457 679 2494 demum
699 2458 836 2496 Joann.
857 2457 946 2495 ΧΠ.
969 2460 1034 2498 31.
1062 2458 1185 2497 Nunc

70 2511 252 2557 princeps
281 2506 397 2559 hujus
425 2508 563 2546 mundi
592 2511 770 2561 ejicietur
785 2510 911 2560 foras
928 2538 939 2549 .

125 2559 194 2598 81.
224 2559 337 2612 Resp.
367 2562 493 2612 primo
521 2564 662 2600 testim.
691 2574 736 2598 ex
756 2562 903 2601 Eccles.
926 2564 1113 2603 XXXHI.
1134 2565 1184 2606 ζῇ*

72 2612 191 2653 XLll.
220 2613 278 2652 ibi
307 2626 383 2653 non
411 2627 488 2653 esse
517 2628 729 2654 sermonem
758 2615 804 2654 de
838 2617 1031 2670 principio
1059 2617 1185 2667 malo,

121 2763 170 2798 (a)
199 2757 274 2794 Hoc
305 2760 507 2794 testimonio
532 2761 685 2795 maxime
723 2762 959 2798 abutebantur
985 2760 1131 2797 Cathari
1157 2776 1196 2797 a-

73 2804 146 2850 pud
182 2806 348 2840 venerab.
376 2808 412 2840 P.
438 2809 619 2841 Monetam
645 2809 723 2843 Lib.
758 2812 786 2842 1.
813 2808 892 2843 adv.
929 2810 1126 2852 Catharos‚
1163 2813 1194 2844 &

75 2851 267 2886 Valdenses
294 2865 369 2898 cap.
402 2866 430 2886 1.
458 2857 490 2897 ᾗ.
521 2867 551 2888 1.

125 2900 171 2938 (b)
198 2900 232 2932 S·
261 2900 478 2943 Augustinus
505 2901 541 2933 in
566 2901 658 2934 libro
681 2902 724 2934 cle
742 2901 941 2936 Haresibus
967 2916 1053 2936 mim.
1075 2903 1132 2936 65.
1153 2907 1194 2937 (7⁴

74 2942 132 2975 66.
157 2945 345 2985 observat,
371 2958 505 2980 errasse
534 2947 766 2988 Collnthum,
791 2949 851 2993 qni
877 2948 1016 2983 dicebat
1032 2972 1043 2990 ‚
1079 2950 1194 2983 Deum

74 2999 142 3040 non
166 2991 280 3025 facere
303 2994 421 3033 mala,
445 3002 569 3027 contra
595 2992 709 3034 iilud,
735 2994 827 3039 qnod
852 2996 1024 3040 scriptum
1051 3005 1102 3028 est
1122 2998 1195 3029 isa-

77 3046 119 3066 ιω
146 3036 256 3070 XLV.
293 3037 391 3072 Dens
417 3052 540 3074 creans
566 3043 677 3074 mala.-
704 3044 735 3072 ἃ
760 3042 893 3085 pariter
918 3054 1054 3075 errasse
1079 3043 1194 3075 Flori-

76 3091 162 3132 num
184 3094 202 3114 e
227 3087 402 3119 contrario
426 3086 602 3120 dicentem
617 3109 627 3127 ‚
653 3087 766 3120 Deum
793 3099 928 3121 creasse
951 3089 1045 3121 mala
1072 3098 1194 3123 contra

75 3124 134 3166 1d,
159 3127 249 3171 quod
273 3133 443 3175 scriptum
468 3142 520 3166 est
546 3135 718 3167 Geneseos
743 3135 770 3166 l.
804 3133 905 3167 Fecit
931 3133 1028 3168 Deus
1054 3139 1191 3176 omnia,

79 3174 120 3207 (φ
147 3182 244 3206 erant
268 3179 364 3211 valde
389 3180 495 3220 bona,
520 3191 562 3214 ac
586 3192 648 3223 per
673 3180 739 3212 hoc
763 3184 909 3224 quamvis
933 3186 1111 3215 contraria
1137 3185 1192 3214 in-

78 3226 132 3253 ter
158 3232 194 3252 se
215 3221 396 3265 dicentes,
423 3234 531 3260 tamen
557 3228 672 3261 ambos
703 3228 835 3260 divinis
861 3229 1007 3272 eloquiis
1035 3232 1191 3262 restitis-

77 3279 117 3300 se
131 3288 141 3306 ‚
170 3271 244 3300 (7¹0.

122 3317 171 3351 (c)
200 3312 315 3346 Verba
341 3313 375 3346 S.
400 3316 561 3352 Doctoris
586 3319 661 3352 haee
685 3327 789 3353 sunt:
831 3331 924 3363 quarn
952 3321 1087 3364 quidem
1112 3332 1190 3353 sen-

77 3363 218 3395 tentiam
244 3360 278 3394 S·
298 3360 396 3395 Pauli
423 3371 453 3395 2.
478 3375 510 3399 2·
538 3365 696 3401 Corinth.
721 3366 783 3401 lV.
807 3368 962 3412 plerique
986 3374 1135 3401 nostrum
1163 3370 1195 3401 i-

2236 162 2291 204 27

1245 227 1348 278 quod
1376 223 1620 274 Manichaei,
1658 225 1804 278 aliique
1833 227 2037 267 commenti
2065 234 2176 277 sunt,
2220 229 2283 266 sed
2310 228 2356 266 de

1245 279 1325 319 illis
1353 279 1467 318 malis
1485 310 1494 327 ‚
1524 293 1613 332 quae
1645 280 1853 331 unicuique
1882 279 1978 318 bono
2006 291 2277 346 omionuntur,
2305 282 2356 319 si-

1246 344 1291 369 ve
1321 345 1366 369 ex
1398 332 1596 371 hominum
1627 335 1900 385 perversitate,
1938 335 2014 371 sive
2036 342 2151 384 ‘Juxta
2181 335 2252 373 Dei
2285 349 2355 387 pu-

1246 385 1455 434 nitionem,
1499 386 1599 424 unde
1628 385 1774 424 ibidem
1802 386 1968 424 dicitur:
2015 396 2156 425 contra
2200 388 2356 425 malum

1245 435 1390 474 bonum
1418 447 1498 487 est,
1527 439 1575 479 (θ’
1605 449 1748 477 contra
1770 447 1942 476 mortem
1971 443 2048 477 victi
2068 470 2078 487 ,
2107 444 2163 477 sic
2192 442 2241 481 <9-
2262 454 2355 478 con—

1244 497 1309 527 tra
1340 494 1463 527 rtrum
1488 493 1642 542 justum
1670 502 1884 544 peccator:
1913 491 2011 542 duo,
2041 493 2090 533 <J
2110 492 2207 541 duo,
2236 495 2285 535 (9⁶
2313 508 2356 531 u-

1243 553 1344 580 num
1373 553 1516 581 contra.
1544 558 1693 584 unum.

1301 597 1368 634 62.
1398 595 1530 635 Verba
1572 598 1685 636 Amos
1727 599 1892 651 explicat
1920 598 1962 637 S.
1992 598 2226 650 Augustinus
2267 599 2358 637 Lib.

1245 659 1391 687 contra
1420 648 1685 688 Adimantum
1716 652 1982 690 Manicheum
2011 667 2096 704 cap.
2119 651 2182 690 26.
2212 653 2256 689 de
2278 666 2361 690 ma-

1246 701 1286 739 lo
1314 716 1473 755 poenae,
1503 712 1619 755 quam
1649 704 1693 740 de
1722 705 1865 744 Judaeis
1893 715 2048 758 propter
2076 717 2207 743 eorum
2227 705 2361 756 culpas

1247 755 1353 794 Deus
1381 757 1518 793 merito
1547 756 1746 805 sumebat,
1790 773 1865 798 non
1895 760 2022 796 minus
2049 759 2199 806 bonus,
2241 772 2362 811 quam

1247 807 1369 860 justus
1386 840 1397 856 ,
1426 808 1693 862 scelerumque
1723 812 1858 849 vindex
1876 838 1885 849 .
1915 813 2018 849 Hinc
2047 811 2154 850 lsaiae
2175 811 2300 850 XLV.
2324 826 2361 862 7.

1248 863 1341 900 dicit
1369 862 1499 900 Deus:
1529 875 1602 915 ego
1631 862 1813 901 dominus
1831 894 1840 911 ,
1870 866 1918 904 (θ’
1947 878 2025 902 non
2044 875 2103 903 esc
2125 866 2249 913 alter,
2267 863 2361 916 for-

1248 928 1372 953 mans
1401 916 1554 965 lucem,
1597 917 1646 957 <9³
1676 929 1822 954 creans
1851 917 2060 967 tenebras,
2092 919 2262 971 jaciens
2288 931 2362 970 pa·

1250 981 1340 1008 cem
1357 998 1367 1017 ,
1398 982 1546 1007 creans
1575 970 1732 1007 malum
1763 968 1818 1021 (b)
1837 995 1847 1008 .

1305 1021 1372 1061 85.
1403 1022 1492 1061 Alia
1521 1023 1597 1061 duo
1626 1022 1675 1061 N.
1697 1023 1746 1061 T.
1776 1022 1860 1061 loca
1888 1022 1935 1061 ad
1965 1023 2160 1061 diabolum
2191 1026 2362 1063 referun-

1249 1084 1339 1124 tur,
1368 1077 1463 1128 qui,
1503 1084 1544 1114 ut
1573 1077 1701 1128 inquit
1730 1077 1769 1115 S.
1801 1076 1970 1114 Thomas
1999 1076 2027 1113 l.
2058 1076 2098 1114 P.
2128 1087 2264 1129 quaest.
2294 1077 2363 1117 65.

1251 1138 1322 1167 art.
1358 1143 1416 1177 1.,
1447 1129 1588 1167 dicitur
1608 1128 1720 1167 Deus
1749 1129 1863 1182 hujus
1891 1130 2056 1176 soeculi,
2085 1143 2164 1167 non
2194 1135 2363 1169 creatio-

1250 1195 1323 1230 ne,
1354 1182 1429 1220 sed
1454 1186 1547 1234 quia
1577 1183 1827 1221 saeculariter
1857 1187 2026 1221 viventes
2056 1187 2091 1220 ei
2120 1188 2289 1221 sert-imit
2319 1197 2364 1221 eo

1252 1235 1370 1273 modo
1386 1265 1396 1284 ,
1426 1249 1501 1286 quo
1523 1237 1727 1287 Apostolus
1747 1237 1915 1287 loquitur
1943 1236 1998 1274 ad
2020 1235 2182 1287 Philipp.
2204 1236 2276 1275 HI.
2303 1251 2363 1288 ις).

1251 1301 1418 1340 quorum
1437 1289 1551 1327 Deus
1580 1299 1713 1328 venter
1743 1300 1800 1328 esc
1818 1317 1828 1327 .
1858 1290 1942 1328 Non
1962 1291 2096 1327 desunt
2116 1299 2265 1337 tamen,
2296 1291 2365 1342 qui

1251 1342 1424 1394 Apostoli
1453 1343 1571 1382 verba
1602 1357 1638 1381 2.
1673 1343 1848 1383 Corinth.
1878 1343 1946 1381 lV.
1990 1343 2036 1380 de
2065 1356 2155 1381 vero
2184 1343 2267 1381 Deo
2302 1357 2366 1380 ex-

1252 1395 1442 1447 plicanda.
1464 1405 1661 1445 censeant,
1690 1399 1760 1449 qui
1789 1398 1930 1435 dicitur
1950 1409 2144 1434 excaecare
2164 1405 2306 1434 mentes
2326 1411 2366 1434 a-

1250 1448 1446 1501 liquorum
1466 1479 1476 1497 ,
1521 1464 1609 1488 cum
1640 1451 1773 1501 gratiae
1803 1465 1882 1487 suae
1926 1449 2072 1488 auxilia
2101 1451 2154 1487 eis
2182 1450 2367 1501 denegat.

1250 1501 1517 1548 Quamobrem
1548 1503 1588 1540 S.
1608 1502 1770 1540 Irenaeus
1791 1503 1880 1540 Lib.
1902 1502 1960 1539 ΙΙΙ.
1989 1516 2075 1554 cap.
2100 1517 2136 1552 7.
2166 1503 2366 1552 opinatur,

1250 1566 1295 1589 eo
1322 1554 1407 1591 loco
1435 1553 1476 1591 S.
1506 1553 1615 1592 Pauli
1645 1569 1722 1592 esse
1749 1552 1968 1604 μετάθεσιν
1985 1584 1995 1602 ,
2037 1555 2367 1606 transpositionem

1256 1606 1462 1644 verborum
1479 1636 1490 1654 ,
1528 1607 1562 1643 8(
1590 1608 1641 1645 ita
1671 1607 1745 1658 legi
1775 1614 1970 1659 oportere:
2006 1606 2118 1644 Deus
2146 1613 2368 1646 excoecavit

1255 1668 1411 1696 mentes
1439 1659 1661 1710 infidelium
1690 1660 1805 1711 hujus
1834 1660 1991 1697 saeculi.
2023 1661 2134 1707 Quod
2164 1662 2276 1698 etiam
2298 1661 2367 1699 ob-

1252 1718 1446 1748 servatum
1489 1720 1617 1762 postea
1659 1712 1732 1748 fuit
1774 1726 1794 1749 a
1823 1712 1864 1749 S.
1896 1711 2106 1762 Augustino
2134 1713 2223 1750 Lib.
2253 1713 2366 1752 XXI,

1250 1772 1394 1799 contra
1415 1760 1609 1800 Faustum
1637 1776 1724 1816 cap.
1748 1777 1813 1808 2.·‚
1843 1776 1931 1816 quae
1953 1760 2108 1816 quidem
2136 1768 2339 1803 excaecatio
2354 1796 2366 1814 ,

1251 1824 1292 1853 ut
1320 1815 1417 1854 alibi
1445 1816 1552 1854 docet
1581 1817 1681 1854 idem
1712 1816 1752 1854 S.
1783 1816 1890 1855 Pater
1908 1846 1918 1865 ,
1957 1830 2032 1855 non
2060 1817 2103 1855 fit
2132 1818 2366 1857 immissione

1249 1868 1440 1916 malitias,
1471 1870 1533 1908 sed
1562 1869 1817 1909 subtrauione
1845 1871 1977 1922 gratiae
1997 1901 2007 1919 ,
2050 1880 2164 1924 atque
2193 1871 2278 1910 liaec
2307 1874 2366 1910 in-

1250 1923 1468 1974 terpretatio
1496 1922 1546 1962 ab
1588 1923 1675 1962 aliis
1713 1936 1867 1976 quoque
1908 1925 2046 1963 sanctis
2075 1924 2251 1963 Patribus
2294 1926 2368 1964 fuit

1251 1976 1426 2028 adoptata
1457 1977 1543 2028 (c).

1306 2029 1372 2075 84.
1402 2030 1478 2068 Ob.
1509 2031 1669 2081 quintO.
1712 2029 1915 2082 Quidquid
1945 2032 1988 2069 sit
2018 2031 2062 2069 de
2090 2030 2202 2070 malis
2232 2030 2365 2085 physi-

1251 2083 1332 2130 cis,
1362 2082 1497 2121 saltem
1526 2082 1689 2135 intelligi
1720 2097 1794 2121 non
1824 2092 1942 2135 potest
1960 2113 1970 2125 ,
2000 2084 2191 2122 undenam
2213 2094 2262 2123 tot
2282 2100 2367 2123 ma-

1252 2135 1290 2174 la
1319 2136 1448 2188 culpae
1476 2138 1674 2185 oriantur,
1704 2138 1735 2174 si
1766 2151 1864 2174 unus
1885 2145 1935 2174 est
1956 2137 2061 2175 Deus
2081 2137 2222 2186 bonus,
2253 2147 2366 2191 atque

1252 2189 1489 2241 omnipotens
1506 2219 1516 2237 ,
1547 2191 1613 2241 qui
1644 2204 1687 2228 ea
1716 2203 1788 2227 non
1811 2189 1892 2227 vult
1910 2220 1920 2238 ,
1951 2200 2064 2243 atque
2080 2192 2268 2242 impedire
2285 2200 2367 2242 pot-

1252 2251 1328 2280 est:
1372 2242 1410 2280 id
1438 2255 1527 2281 vero
1564 2241 1678 2280 facile
1706 2242 1963 2294 intelligitur,
2005 2249 2036 2281 si
2065 2243 2160 2282 alter
2188 2247 2232 2282 sit
2261 2245 2367 2283 Deus

1250 2295 1400 2344 malus,
1429 2295 1541 2347 cujus
1568 2295 1718 2333 malitia
1746 2297 1920 2333 vincatur
1950 2296 2053 2333 Deus
2082 2297 2204 2334 bonus
2235 2296 2296 2347 (d)
2317 2323 2327 2335 .

1306 2349 1371 2387 85.
1403 2347 1515 2401 Resp.
1546 2347 1650 2386 hunc
1679 2348 1823 2385 nodum
1854 2361 1931 2386 esse
1959 2362 2046 2387 vere
2066 2349 2265 2400 gordium,
2297 2364 2365 2388 cu·-

1251 2401 1312 2454 jus
1341 2402 1479 2440 solutio
1507 2401 1697 2440 veteribus
1726 2400 1861 2452 juxta,
1905 2415 1950 2438 ac
1980 2402 2172 2440 modernis
2214 2417 2366 2454 semper

1251 2455 1486 2495 difficillima
1515 2457 1594 2493 visa
1623 2456 1721 2492 fuit.
1764 2454 1955 2492 Divinum
1983 2455 2184 2493 oraculum
2215 2457 2262 2494 ad
2292 2456 2364 2495 hoc

1252 2509 1478 2562 exposcebat
1507 2508 1704 2547 Maximus
1734 2507 1878 2558 Tyrius
1910 2507 2030 2546 Orat.
2058 2506 2192 2546 XXV.
2231 2510 2364 2562 Orige-

1252 2577 1314 2601 nes
1334 2573 1461 2601 autem
1482 2562 1571 2600 Lib.
1594 2561 1660 2599 IV.
1691 2570 1831 2597 contra
1858 2559 2016 2598 Celsum
2037 2575 2078 2599 n.
2100 2561 2166 2600 65.
2197 2562 2239 2599 St
2259 2576 2362 2613 qua,

1251 2616 1452 2669 inquiebat
1468 2646 1478 2665 ,
1508 2618 1671 2666 quaestio
1690 2617 1793 2652 inter
1809 2612 1989 2653 &omlnes
2008 2628 2105 2666 opus
2119 2614 2265 2654 habeat
2281 2616 2366 2654 lon-

2252 2683 2310 2722 ga

1247 2770 1281 2795 ta
1307 2763 1548 2805 distinguunt,
1583 2769 1617 2794 ut
1643 2758 1751 2794 Deum
1778 2771 1883 2791 verum
1910 2760 2033 2793 dieunt
2065 2761 2253 2794 obeat-asse
2280 2761 2366 2803 ins-

1246 2811 1373 2843 delium
1399 2817 1524 2840 mentes
1603 2806 1703 2851 Quod
1727 2805 1900 2848 nonfacit
1925 2809 2082 2846 malitia,
2110 2809 2173 2840 sed
2193 2808 2362 2853 justitia,

1248 2860 1338 2889 sicut
1375 2856 1464 2888 idem
1489 2853 1613 2886 Paulus
1649 2854 1733 2886 alibi
1759 2855 1852 2886 <licit
1876 2852 2015 2884 Roman.
2043 2853 2105 2885 ΙΙΙ.
2137 2854 2166 2885 5.
2203 2855 2364 2898 numquid

1247 2906 1382 2945 iniquus
1407 2900 1522 2939 Deus,
1547 2903 1601 2943 qui
1629 2899 1737 2944 insert
1763 2904 1870 2932 irum?
1958 2898 2053 2932 Ecce
2079 2901 2237 2940 ιμισηιοιίο
2265 2913 2362 2935 verus

1248 2948 1368 2986 Dens,
1397 2951 1436 2980 (J
1456 2947 1573 2993 justus
1598 2954 1746 2979 excaecat
1771 2954 1898 2977 mentes
1923 2946 2118 2987 infidelium
2134 2968 2142 2975 .
2183 2945 2275 2979 idem
2300 2945 2362 2979 ‹lo-

1247 3004 1324 3028 cent
1352 2995 1385 3026 S.
1403 2994 1456 3025 Jo.
1476 2991 1750 3036 Chrysostomus
1770 2992 1869 3024 Hom.
1897 2992 1933 3024 in
1959 2991 2051 3025 hunc
2078 2993 2217 3032 locum,
2245 2992 2361 3025 Theo-

1246 3040 1386 3074 doretus
1411 3039 1445 3071 in
1471 3038 1563 3071 hunc
1589 3039 1676 3080 loc.‚
1714 3037 1988 3082 Theophilactus
2015 3038 2049 3071 in
2075 3038 2167 3070 hune
2194 3039 2258 3072 loc.
2276 3061 2287 3079 ,
2320 3051 2360 3071 ac

1246 3088 1387 3122 Photius
1412 3084 1502 3128 apud
1524 3085 1769 3119 (Ecumenium
1797 3085 1832 3116 in
1859 3084 1951 3116 bunc
1978 3084 2116 3117 locum.
2145 3085 2214 3117 Has
2241 3097 2360 3119 ornnes

1245 3132 1550 3176 interpretationes
1567 3131 1594 3164 si
1619 3132 1706 3165 bene
1733 3129 1971 3176 perpendisset
1990 3131 2183 3171 Erasmus,
2211 3130 2303 3165 hand
2332 3132 2359 3162 3-

1244 3188 1279 3214 ta
1305 3178 1404 3212 facile
1431 3178 1466 3209 S·
1493 3179 1680 3221 Augustini
1716 3177 1987 3223 explicationem
2012 3178 2224 3222 respuisset,
2263 3178 2359 3209 velut

1243 3227 1461 3269 affectatam,
1495 3226 1536 3256 (Ψ
1563 3227 1742 3258 violentam
1768 3225 1802 3255 in
1830 3224 2025 3257 Comment.
2054 3223 2096 3256 ad
2123 3224 2216 3257 hunc
2242 3224 2358 3257 locum

1244 3274 1347 3306 Tom.
1371 3270 1434 3302 Vl.
1460 3271 1550 3315 Opp.
1575 3270 1660 3304 edit.
1688 3269 1799 3314 Lugd.
1826 3270 1947 3302 Batav.
1976 3283 2066 3302 anno
2095 3271 2196 3314 1705.

1288 3319 1337 3356 (d)
1370 3316 1444 3349 Hoc
1462 3326 1707 3360 argumentum
1729 3330 1748 3350 a
1774 3316 1950 3349 veteribus
1969 3316 2141 3349 Dnalistis
2160 3322 2360 3348 mutuatum

1248 3376 1311 3405 eo,
1344 3374 1413 3410 quo
1436 3362 1588 3410 pollebat
1615 3363 1744 3410 ingenii
1783 3363 1941 3397 acumine
1962 3363 2083 3397 Petrus
2102 3362 2207 3406 Bayle
2232 3371 2359 3406 propom
