2577 3633
686 100 766 147 DE
804 101 1026 146 SINODO
1061 99 1820 150 CONSTANTINOPOLITANA
1836 137 1846 148 .

174 186 268 234 214.
297 183 478 227 Scholion
506 184 538 222 1.
574 182 809 237 Quanquam
851 183 928 222 dici
970 191 1113 235 potest,
1159 182 1230 221 hoc

116 241 256 293 dogma
285 239 534 292 processionis
553 237 720 289 Spiritus
750 237 868 276 sancti
897 251 920 274 a
939 235 1044 274 Filio
1070 249 1147 273 non
1177 250 1232 274 es-

114 309 153 333 se
183 308 304 332 unum
333 306 379 330 ex
407 293 615 344 praecipuis
643 299 778 329 nostrae
809 291 921 328 Fidei
950 289 1121 327 articulis
1139 319 1150 337 ,
1192 298 1232 327 ut

116 347 278 400 proinde
305 360 328 383 a
356 345 517 384 rudibus
537 345 730 396 ignorari,
759 353 873 397 atque
893 342 1079 395 implicite
1107 342 1231 380 solum

113 401 218 438 credi
247 401 329 437 sine
345 398 500 452 piaculo
527 399 669 450 possit;
699 411 776 436 non
807 407 932 435 tamen
947 396 1233 435 concedendum

112 461 197 501 est,
236 467 324 490 enm
355 466 461 504 posse
488 452 676 502 impune,
719 451 753 487 St
783 452 943 489 scienter
971 451 1129 502 negari.
1185 450 1228 487 ld

110 506 269 558 quidem
285 519 448 544 asserere
468 517 542 542 non
562 504 754 542 dubitavit
772 513 937 555 apostata
958 503 1017 541 M.
1041 503 1226 541 Antonius

113 560 161 596 de
192 559 368 597 Dominis
396 558 487 596 Lib.
509 557 595 594 Vll.
627 557 674 596 de
705 556 864 608 Republ.
898 556 1040 595 Christ.
1070 572 1106 595 c.
1132 569 1193 594 10.
1215 586 1226 603 ,

111 612 249 650 docens
266 642 277 660 ‚
307 626 385 650 esse
399 611 556 663 quidem
577 611 836 662 periculosum
854 641 865 659 ‚
896 625 971 648 non
1000 619 1126 648 tamen
1146 609 1226 647 hae-

109 666 297 712 reticum,
341 663 450 703 illam
482 665 762 716 processionem
792 678 926 715 negare
954 665 1075 716 quia,
1107 673 1146 701 ut
1181 663 1226 700 il-

110 717 149 755 le
177 719 251 757 sibi
282 718 416 770 fingit,
446 732 514 756 nec
544 718 662 755 verbo
690 718 765 755 Dei
795 719 963 769 scripto,
993 731 1062 755 nec
1093 717 1227 755 tradito

107 786 153 809 ea
181 780 310 824 aperte
337 772 491 810 docetur
508 797 520 809 .
550 770 715 809 Fallitur
742 773 900 808 omnino
928 770 987 809 M.
1017 771 1223 815 Antonius3

108 825 143 861 δε
193 834 391 878 postquam
433 824 505 862 hoc
545 825 681 876 dogma
724 826 763 862 in
791 824 938 861 duobus
976 824 1226 861 oecumenicis

105 877 290 917 Conciliis
310 877 529 917 solemniter
557 877 758 915 definitum
780 878 879 925 fuit,
908 889 982 914 non
1012 884 1130 928 potest
1160 891 1224 914 ne-

103 933 215 983 gari,
259 932 319 969 vel
349 933 388 970 in
417 931 580 970 dubium
610 932 809 978 revocari,
851 930 923 968 nisi
952 929 1001 966 ab
1040 931 1112 975 iis,
1156 930 1224 981 qui

103 984 357 1024 infallibilem
385 984 572 1024 Ecclesiae
615 984 877 1022 auctoritatem
921 983 960 1019 in
998 982 1226 1020 definiendis

103 1038 214 1076 Fidei
261 1038 502 1091 dogmatibus
539 1038 674 1075 insano
716 1035 921 1074 molimine
963 1044 1130 1074 evertere
1159 1049 1221 1073 co-

104 1101 246 1130 nantur
262 1118 273 1130 .

164 1147 256 1183 215.
286 1143 466 1183 Scholion
485 1142 535 1181 ΙΙ.
565 1141 730 1182 Minoris
758 1150 885 1181 antem
907 1143 1088 1180 momenti
1119 1143 1223 1180 vide-

104 1207 166 1237 tur
194 1197 270 1235 alia
297 1198 460 1250 quaestio
473 1196 521 1234 de
535 1196 728 1233 additione
759 1195 958 1247 particulae
976 1194 1149 1247 Filioque
1165 1197 1222 1234 fa·

103 1261 164 1290 cta
192 1250 400 1302 Symbolo,
431 1257 585 1301 propter
612 1262 730 1300 quam
760 1249 991 1287 additionem
1021 1259 1097 1297 tot,
1139 1259 1222 1286 tan-

101 1313 232 1355 tasque
259 1303 461 1355 tragoedias
490 1304 700 1340 excitarunt
720 1303 879 1347 Graeci3
906 1316 1126 1355 quanquam
1145 1304 1218 1341 for-

98 1366 192 1396 tasse
222 1356 284 1394 hic
323 1369 400 1395 non
431 1356 502 1393 fuit
531 1356 604 1393 nisi
636 1368 755 1393 vanus
785 1365 986 1408 praetextus
1028 1355 1218 1394 conflandi

99 1409 338 1448 schismatis.
381 1408 593 1460 Nunquam
633 1417 761 1446 tamen
789 1409 951 1461 probare
986 1418 1216 1460 potuerunt,

97 1476 173 1501 non
204 1477 280 1500 esse
310 1463 349 1500 in
380 1461 556 1499 Ecclesia
584 1460 683 1500 hanc
715 1471 933 1514 potestatem
975 1462 1122 1515 aliquid
1152 1462 1218 1499 ad-

97 1516 211 1554 dendi
240 1513 456 1568 Symbolo,
498 1528 576 1567 qua
604 1529 626 1552 a
655 1516 791 1566 primis
821 1530 940 1568 usque
982 1517 1218 1568 temporibus

94 1570 184 1608 duae
215 1569 362 1622 Synodi
391 1567 578 1616 Nicaena,
622 1568 657 1604 ἃ
684 1569 1100 1621 Constantinopolitana
1137 1583 1215 1607 usae

95 1623 252 1664 suerunt
278 1623 434 1660 nemine
462 1620 717 1660 reclamante.
747 1622 821 1661 Sed
851 1623 934 1660 haec
964 1623 1121 1661 uberius
1150 1638 1216 1675 pa-

94 1676 256 1723 tebunt,
287 1676 356 1712 ubi
384 1675 431 1712 de
458 1674 607 1714 duobus
635 1674 818 1713 Conciliis
848 1678 1094 1718 oecumenicis
1115 1677 1216 1727 Lug-

95 1730 284 1777 dunensi,
313 1728 346 1764 δι
377 1727 620 1776 Florentino,
651 1729 697 1765 ad
726 1728 955 1767 Graecorum
986 1730 1149 1767 schisma
1177 1744 1217 1766 a-

95 1782 307 1820 bolendum
336 1795 518 1833 agemus,
555 1790 756 1833 postquam
785 1796 908 1833 pauca
936 1783 1144 1819 dixerimus
1172 1782 1217 1819 de

93 1835 270 1873 Concilio
297 1834 709 1886 Constantinopolitano
749 1843 882 1874 contra
923 1833 1215 1874 Pneumatoma-

97 1887 186 1926 elios
216 1888 426 1927 celebrato.

488 1993 716 2055 CAPUT
771 1994 822 2032 V.

95 2100 160 2140 De
200 2101 366 2153 Synodo
413 2100 857 2151 Constantinopolitano,
877 2099 909 2138 Ι.
927 2129 937 2146 ,
974 2111 1044 2136 seu
1088 2100 1216 2136 Oeen-

149 2158 313 2190 menica
333 2152 387 2189 II.
404 2181 414 2199 ,
444 2156 486 2188 in
501 2166 581 2203 qua
600 2152 782 2189 Haeresis
798 2151 1107 2189 Macedoniam
1126 2164 1214 2201 pro-

152 2210 300 2257 scripta
317 2204 405 2258 ficit
419 2229 431 2241 .

153 2312 244 2352 216.
265 2289 411 2356 Anno
445 2309 538 2349 581.
580 2309 758 2363 pluribus
798 2311 845 2351 de
892 2312 1016 2350 causis
1044 2310 1219 2364 Synodus

94 2364 509 2417 Constantinopolitana
544 2364 734 2402 celebrata
762 2364 862 2413 fuit,
895 2369 1060 2403 'curante
1091 2364 1124 2401 Τ
1129 2364 1216 2401 heo-

95 2421 201 2459 dosio
229 2431 366 2471 magno
407 2419 580 2471 piissimo
609 2418 866 2470 Imperatore;
908 2419 1106 2470 praecipue
1149 2432 1216 2455 au-

93 2595 193 2622 ctum
219 2601 238 2622 a
264 2587 353 2624 Filio
376 2602 449 2624 esse
477 2591 671 2634 negabant,
708 2592 853 2634 subdit,
889 2592 979 2627 hanc
1004 2591 1210 2639 explicatio·—

96 2645 178 2669 nem
204 2636 277 2669 fieri
302 2637 479 2680 potuisse,
504 2649 572 2670 non
600 2638 712 2671 solum
740 2652 759 2672 a
786 2641 973 2683 posteriore
1000 2641 1116 2685 aliqua
1144 2643 1212 2686 Sy-

94 2680 209 2721 nodo,
253 2694 329 2726 qna?
357 2692 566 2727 potestatem
592 2683 698 2717 habet
725 2685 976 2730 interpretandi
1004 2688 1210 2732 Symbolum

93 2739 114 2760 a
139 2729 257 2771 priore
285 2729 424 2772 Synoclo
448 2729 654 2771 conditum,
680 2743 719 2763 ac
747 2731 894 2776 ponendi
920 2734 1038 2777 aliqua
1066 2734 1108 2766 ad
1135 2735 1210 2779 ejus

93 2773 390 2818 explicationem,
432 2776 492 2808 sed
516 2777 623 2809 etiarn
652 2789 670 2809 a
697 2778 855 2811 Romano
881 2779 1043 2813 Pontitice
1061 2802 1072 2820 ,
1114 2782 1209 2825 cujus

93 2825 300 2854 auctoritate
329 2825 403 2855 sola
428 2822 597 2865 Syrios-lus
624 2829 826 2868 congregari
863 2834 1003 2868 potest,
1039 2828 1079 2859 (J
1105 2841 1124 2860 a
1150 2821 1209 2871 Δἑμιο

95 2871 269 2900 sententia
295 2868 439 2915 ,ξγῃοάί
466 2868 709 2912 confirmatur,
748 2874 788 2904 (Τ
813 2873 859 2904 ad
885 2876 991 2915 ipsum.
1014 2887 1034 2906 a
1062 2874 1210 2911 synodo

94 2914 310 2953 appellatur.
356 2913 421 2946 Sed
457 2914 498 2947 (le
537 2917 601 2948 hac
639 2917 876 2950 controversia
901 2920 1034 2952 consuli
1068 2913 1211 2964 possunt

95 2956 236 2989 Natalis
261 2958 461 2993 Alexander
487 2962 635 2994 Dissert.
657 2963 714 3006 37.
742 2965 776 2995 in
803 2964 887 2997 Saee.
912 2965 970 2997 lV.
995 2974 1061 2998 art.
1078 2968 1109 2999 3.
1125 2988 1135 3006 ‚
1180 2970 1210 2997 ἃ

95 3002 246 3054 Dis-sert.
269 3006 322 3038 28-
350 3008 384 3039 in
409 3008 496 3040 Saec·
519 3009 579 3040 tx.
607 3011 639 3040 ἀ
660 3010 704 3041 X.
731 3020 853 3043 assert.
873 3010 942 3051 ΣΠ,
969 3011 1003 3043 Ρ.
1029 3012 1138 3045 ΜὶςΙι,
1168 3013 1212 3044 Le

97 3048 212 3091 Quieti
255 3049 404 3084 Dissert.
423 3054 449 3085 1.
484 3054 760 3096 Damascenica‚
798 3060 829 3088 ἃ
866 3057 900 3089 in
934 3057 1099 3101 Panoplz'a
1137 3061 1211 3091 aclu-

101 3094 267 3134 Graecos,
303 3097 335 3127 δε
362 3097 396 3127 Ρ.
422 3098 546 3138 Franc.
573 3101 674 3133 Ber-n.
700 3103 814 3143 Maria
840 3101 880 3135 (le
907 3105 1035 3138 Rubeis
1062 3105 1210 3137 Dissert.

99 3141 145 3173 Π.
170 3139 460 3192 ῌιςῑκῦοςιηαί.
486 3145 529 3179 (le
546 3147 727 3181 additione
755 3151 846 3182 vocis
865 3146 1021 3196 Filioque
1039 3175 1048 3193 ‚
1075 3159 1149 3183 tum
1176 3152 1211 3183 in

98 3189 237 3230 praetat.
265 3186 309 3219 ad
337 3189 458 3221 Tract.
483 3193 526 3224 de
543 3203 684 3237 peccato
710 3199 838 3240 origin.
854 3218 865 3236 ‚
891 3197 950 3230 uhi
977 3198 1091 3242 plures
1113 3199 1213 3230 Grae-

98 3244 220 3265 corum
248 3245 355 3284 nugas
377 3255 387 3273 ,
413 3235 616 3283 fabulasque
643 3250 763 3275 narrat
779 3263 789 3282 ‚
815 3254 854 3275 ac
880 3244 1009 3276 refellit
1026 3268 1033 3274 .

141 3283 187 3316 (a)
215 3279 318 3311 Initio
344 3281 502 3324 Symboli
527 3283 566 3316 de
591 3286 690 3320 Patre
730 3297 885 3322 creatore
924 3289 1040 3323 addita
1065 3298 1145 3323 sunt
1169 3301 1209 3322 ea

94 3324 201 3362 tei-ba
230 3325 320 3359 Coeli
348 3331 388 3358 (9⁴
415 3335 510 3360 terrae
536 3340 656 3365 contra
692 3333 841 3368 duorum
877 3337 1132 3382 principiorum
1157 3347 1210 3368 as-

203 3369 442 3424 Gazzam'ga
473 3373 604 3415 Theoi.
634 3376 835 3419 Tom.111‚

2280 129 2292 153 ²
2310 132 2328 167 7
2341 133 2359 168 7

1298 193 1373 224 tem
1403 195 1443 224 ut
1470 197 1596 225 exorta
1637 200 1712 225 non
1749 188 1799 224 ita
1828 187 1977 239 pridem
2006 188 2223 229 Macedonii
2260 191 2414 233 haeresis

1299 241 1549 290 extirparetur
1571 267 1581 278 .
1623 241 1833 277 Adfuerunt
1863 241 2042 295 Episcopi
2074 244 2248 283 catholici
2279 261 2410 286 nume<

1298 305 1339 330 ro
1373 293 1459 331 160.
1480 324 1492 342 ‚
1533 294 1735 331 adfuerunt
1783 295 1894 331 etiam
1925 295 2106 348 Episcopi
2144 297 2411 340 Macedoniani

1300 346 1393 397 56.‚
1422 360 1515 399 quos
1546 348 2128 401 ImperatorConstantinopolim
2162 352 2411 402 invitaverat,

1298 399 1344 436 de
1363 413 1495 437 eorum
1525 401 1768 438 conversione
1789 413 1861 438 non
1881 404 2036 440 omnino
2054 404 2255 455 desperans
2269 434 2277 444 .
2310 408 2410 445 Huic

1291 452 1465 490 Concilio
1504 454 1659 505 praefuit
1687 453 1729 491 S.
1759 452 1939 492 Meletius
1969 455 2180 508 Episcopus
2211 460 2409 498 Antioche-¹

1294 519 1384 552 nus,
1418 507 1539 557 quoad
1572 508 1694 552 vixit3
1724 519 1767 544 eo
1795 517 1922 546 autem
1951 510 2029 546 vita
2051 510 2205 558 functo,
2235 516 2411 552 successit

1296 558 1338 596 S.
1368 558 1573 610 Gregorius
1602 560 1886 609 Nazianzenus,
1929 563 1996 613 qui
2027 563 2147 601 fuerat
2184 566 2314 615 paullo
2343 582 2409 605 an-

1295 621 1354 649 tea
1396 613 1443 648 ad
1470 613 1699 651 Cathedram
1735 615 2190 667 Constantinopolitanam
2237 619 2285 656 ab
2331 622 2409 671 ipsa

1293 664 1448 716 Synodo
1477 675 1654 712 evectus3
1684 682 1726 704 ac
1758 668 1911 706 denium
1943 683 2031 707 cum
2064 671 2163 708 idem
2194 670 2235 709 S.
2266 674 2408 723 Grego-

1282 720 1373 756 -rius
1402 717 1451 755 ab
1481 734 1523 756 ea
1551 720 1739 757 Cathedra
1767 736 1805 758 se
1833 722 2067 771 abdicasset,
2098 724 2137 761 in
2168 722 2338 775 ejusdem
2356 728 2408 764 lc·-

1291 786 1379 810 cum
1419 779 1496 808 tam
1539 774 1577 809 in
1608 772 1779 811 Ecclesia
1808 775 2244 829 constantinopolitana,
2291 794 2409 831 quaxn

1293 827 1331 863 in
1359 824 1515 876 Synodo
1543 828 1715 866 successit
1744 827 1942 866 Nectarius
1961 856 1970 867 .

1347 892 1438 930 217.
1468 878 1511 915 In
1541 877 1611 915 hac
1632 880 1786 931 Synodo
1813 882 2036 921 confirmata
2067 884 2138 923 fuit
2168 885 2260 924 fides
2279 887 2408 926 Nicae-

1292 947 1368 981 na,
1398 932 1617 983 proscriptis
1640 934 1824 972 omnibus
1846 934 2083 985 haeresibus,
2113 940 2310 991 praecipue
2340 956 2406 980 au«

1295 996 1367 1024 tem
1398 985 1724 1023 Eunomianorum
1743 1016 1753 1034 ,
1783 990 2012 1028 Arianorum
2030 1022 2040 1038 ‚
2071 990 2407 1043 Pliotinianorum‚

1288 1038 1597 1078 sabellianorum
1616 1069 1625 1085 ‚
1670 1039 2028 1090 Apollinaristarum
2051 1074 2060 1091 ,
2102 1044 2134 1080 8<
2163 1045 2407 1090 Macedonia-

1288 1106 1425 1131 norum
1443 1118 1454 1130 .
1502 1092 1692 1142 Quaedam
1723 1102 1848 1132 tamen
1876 1095 2063 1147 Symbolo
2091 1098 2252 1139 Nicaeno
2282 1102 2409 1140 addita

1290 1155 1398 1194 sunt,
1429 1154 1468 1183 ut
1496 1156 1627 1184 contra
1657 1145 1946 1197 Apollinaristas
1975 1153 2200 1193 mvsterium
2231 1154 2407 1194 lucarna-

1289 1201 1398 1238 tionis
1428 1199 1645 1237 Dominicae
1664 1229 1674 1246 ‚
1711 1199 1744 1234 St
1773 1200 1949 1239 divinitas
1979 1197 2143 1254 Spiritus
2171 1209 2288 1246 sancti
2317 1222 2406 1248 con-

1291 1262 1348 1291 tra
1379 1252 1672 1291 macedonianos
1696 1252 1843 1291 clarius
1874 1257 2150 1306 exprimeretur
2180 1261 2243 1308 (a)
2262 1287 2278 1298 ,
2305 1262 2408 1299 Non-¹

1287 1305 1382 1345 nulli
1412 1307 1525 1344 etiam
1541 1318 1699 1343 canones
1731 1319 1798 1357 pro
1826 1307 2030 1357 disciplina
2051 1310 2305 1351 ecclesiastica
2320 1328 2406 1352 con*

1286 1361 1356 1398 diti
1387 1369 1498 1406 sunt,
1542 1360 1608 1410 qui
1646 1374 1668 1396 a
1700 1357 1879 1397 Romanis
1909 1360 2157 1401 Pontificibus
2200 1366 2406 1417 improbati

1288 1414 1423 1461 fuere,
1465 1412 1499 1448 St
1527 1413 1677 1450 nonnisi
1717 1413 1956 1464 temporibus
1984 1415 2194 1454 Innocentii
2225 1419 2292 1456 III.
2337 1435 2406 1472 pro

1285 1466 1385 1504 bono
1415 1467 1517 1519 pacis
1548 1466 1717 1517 recepti.
1747 1466 1805 1503 De
1836 1467 1977 1518 quibus
2007 1478 2131 1507 tannen
2161 1471 2273 1508 modo
2302 1473 2402 1514 nihil

1286 1522 1415 1557 attinet
1444 1521 1569 1557 dicere
1587 1545 1597 1556 .

1341 1573 1432 1611 218.
1463 1574 1574 1611 Anno
1615 1580 1742 1610 autem
1773 1576 1944 1626 sequenti
1969 1575 2060 1614 382.
2094 1576 2201 1616 Rom.
2230 1578 2406 1621 Pom-ifex

1286 1641 1463 1678 magnam
1493 1626 1692 1678 Synodum
1714 1626 1846 1665 Romae
1876 1633 2136 1681 congregavit,
2166 1633 2212 1670 ad
2238 1647 2325 1672 eam
2348 1637 2403 1673 in—

1285 1681 1407 1718 vitatis
1451 1681 1565 1717 etiam
1594 1679 1802 1719 Orientalis
1830 1681 2015 1723 Ecclesiae
2063 1684 2287 1737 Episcopis,
2335 1692 2404 1741 qui

1284 1742 1411 1770 tamen
1440 1734 1571 1770 venire
1600 1731 1824 1781 uoluerunt,
1854 1736 1970 1773 variis
1999 1739 2260 1778 se‘rationibus
2289 1755 2403 1780 excu-

1284 1795 1430 1824 santes,
1475 1787 1620 1823 Eorum
1648 1795 1775 1825 tamen
1805 1789 1956 1826 nomine
1985 1799 2055 1827 tres
2086 1792 2216 1842 Legati
2255 1794 2303 1832 ad
2330 1795 2404 1848 Sy-

1283 1840 1426 1876 nodum
1448 1838 1658 1875 Romanam
1690 1840 1793 1876 missi
1817 1849 1907 1878 sunt
1925 1867 1935 1878 .
1968 1842 2099 1894 Aliqui
2128 1846 2241 1882 etiam
2272 1861 2404 1886 eorum

1288 1891 1470 1941 Episcopi
1501 1891 1624 1926 eidem
1653 1889 1805 1941 Synodo
1848 1893 2130 1943 interfuerunt,
2174 1907 2212 1935 ut
2242 1899 2281 1937 S.
2310 1900 2405 1953 Epi-

1288 1943 1452 1995 phanius
1482 1956 1526 1980 ex
1558 1942 1686 1980 Insula
1713 1943 1871 1995 Cypro,
1914 1945 1955 1983 S.
1985 1946 2165 1988 Paulinus
2194 1950 2405 2006 Episcopus

1287 1996 1566 2042 Antiochems,
1597 1995 1743 2048 aliique
1772 2010 1846 2034 non
1877 1998 2016 2045 multi3
2060 2011 2141 2040 tum
2170 2004 2210 2042 S.
2241 2007 2405 2045 Ambro-

1285 2050 1360 2087 sius
1384 2047 1677 2086 Mediolanensis
1696 2047 1941 2099 Metropolita
1957 2082 1968 2098 ‚
1998 2053 2031 2088 δε
2062 2054 2180 2091 Britto
2201 2057 2405 2098 Treviren-

1285 2103 1334 2138 sis
1365 2103 1402 2138 in
1432 2100 1572 2138 Galliis
1590 2130 1600 2148 ,
1630 2109 1670 2137 ut
1698 2114 1792 2152 pene
1814 2101 1989 2154 Synodus
2017 2107 2205 2157 generalis
2233 2112 2406 2162 appella·

1287 2155 1321 2190 ri
1351 2162 1498 2205 posset.
1528 2154 1627 2201 Quae
1656 2152 1784 2192 Patres
1814 2155 1945 2194 Graeci
1976 2159 2014 2196 in
2044 2158 2199 2211 Synodo
2226 2163 2406 2204 Constan-

1288 2207 1537 2259 tinopolitana
1565 2219 1667 2244 anno
1695 2209 1925 2258 praecedenti
1954 2212 2058 2249 circa
2086 2212 2204 2252 fidem
2235 2215 2403 2257 Trinita-

1287 2260 1332 2298 tis
1354 2290 1365 2308 ,
1413 2269 1525 2312 atque
1562 2261 1831 2299 incarnationis
1872 2262 2130 2314 definierant,
2179 2268 2334 2308 fuerunt
2362 2274 2404 2312 in

1286 2313 1441 2366 Synodo
1473 2313 1642 2351 Romana
1680 2313 1898 2365 plenissime
1926 2318 2178 2365 confirmata;
2221 2325 2403 2374 quocirca

1286 2381 1330 2405 ex
1360 2367 1505 2405 duobus
1535 2368 1614 2404 istis
1643 2367 1816 2406 conciliis
1844 2369 2018 2422 Synodus
2048 2377 2284 2413 oecnmenica
2311 2391 2401 2416 con-

1285 2420 1375 2459 flata
1403 2429 1481 2469 est,
1520 2419 1741 2459 infallibilis
1771 2424 2025 2475 auctoritatis,
2072 2441 2160 2465 cum
2191 2438 2297 2467 antea
2326 2431 2400 2484 Sy-

2280 2497 2348 2522 110-

1281 2603 1431 2630 sertorcs
1449 2621 1456 2628 .
1486 2598 1605 2630 Postea
1632 2595 1749 2630 addita
1775 2607 1856 2631 sunt
1876 2598 1950 2631 lime
1976 2599 2042 2631 'alia
2070 2598 2110 2631 (le
2135 2600 2246 2634 ‚Ei-lin:
2274 2594 2400 2635 chtum

1281 2653 1359 2676 ante
1384 2649 1492 2677 οιηηὶα
1521 2645 1639 2676 saecula
1665 2653 1785 2677 contra
1811 2645 2046 2689 blasphemias
2075 2646 2212 2679 Photini
2229 2670 2236 2678 .
2275 2647 2397 2682 Tertio

1280 2690 1353 2722 haec
1380 2691 1448 2722 alia
1474 2689 1514 2723 ‹le
1540 2689 1659 2722 eodem
1687 2690 1774 2722 Filio
1798 2690 1876 2723 adili
1913 2690 2112 2726 debuerunt
2139 2702 2260 2736 contra
2288 2694 2398 2727 liaere-

1282 2737 1346 2779 sim
1374 2737 1586 2779 Apollinaris
1608 2749 1615 2765 =
1642 2735 1697 2768 De
1725 2736 1860 2779 Spiritu
1888 2747 2004 2772 sancto
2030 2752 2071 2772 ex
2094 2739 2210 2773 Maria
2229 2738 2375 2785 Virgine
2391 2764 2400 2773 .

1282 2783 1438 2824 Quarto:
1467 2782 1666 2825 Crucifixus
1686 2791 1740 2815 est
1763 2796 1824 2825 pro
1850 2786 1946 2817 nobis
1975 2786 2032 2818 sub
2054 2785 2194 2826 Pontio,
2220 2789 2261 2818 (Ψ
2287 2789 2400 2830 sepul<-

1282 2837 1334 2861 tns
1361 2837 1439 2860 est.
1478 2832 1564 2861 lte'm
1591 2841 1629 2860 ea
1655 2829 1784 2862 verba:
1826 2830 1934 2864 Sedet
1959 2834 2005 2865 cul
2042 2834 2222 2865 dexteram
2252 2833 2397 2879 fatris,

1283 2880 1324 2906 Θ
1350 2883 1504 2907 uenturas
1529 2883 1583 2907 esc
1608 2887 1679 2907 cum
1702 2878 1817 2918 gloria
1835 2899 1844 2907 .
1887 2877 2041 2920 Quinto,
2079 2879 2185 2923 Cujus
2211 2884 2309 2923 regni
2334 2893 2398 2913 non

1281 2924 1351 2953 erit
1367 2921 1460 2962 finis
1482 2945 1490 2951 .
1518 2922 1568 2953 De
1595 2921 1729 2964 Spiritu
1755 2931 1872 2967 antem
1897 2924 1931 2955 S.
1958 2936 2038 2956 cnm
2063 2925 2098 2956 in
2124 2924 2269 2959 Nicaeno
2294 2927 2400 2971 Sym-

1281 2966 1361 3000 bolo
1387 2966 1628 3000 tantummodo
1654 2965 1788 3000 dictum
1813 2969 1958 3002 fnisset:
1997 2974 2038 3002 (J
2065 2975 2100 3002 1'12
2127 2970 2296 3013 Spiritum
2321 2986 2400 3006 san—

1283 3022 1395 3053 etum,
1437 3013 1961 3058 Patres‘Constantinopolitani
1999 3014 2233 3051 addiderunt:
2277 3017 2399 3051 Domi-

1282 3073 1376 3098 num,
1419 3065 1459 3091 (9⁴
1487 3060 1739 3103 vivificantem,
1779 3073 1822 3093 ez·
1850 3060 1950 3094 Patre
1977 3067 2018 3095 (9⁹
2046 3061 2140 3095 Filio
2164 3066 2399 3105 adorandum,

1283 3109 1323 3138 <9⁹
1348 3107 1699 3150 conglorificandum,
1735 3111 1789 3150 qui
1817 3109 1949 3140 locatus
1974 3117 2029 3141 est
2052 3121 2113 3153 per
2147 3121 2286 3144 sanctos
2313 3110 2395 3143 Pro-

1279 3148 1423 3195 phetas.
1466 3154 1514 3185 Ac
1540 3151 1687 3196 deniqne
1714 3159 1889 3196 postrema
1925 3155 2056 3188 verba:
2099 3157 2140 3188 Θ
2164 3171 2282 3197 unam,
2319 3170 2396 3189 mn-

1281 3207 1368 3230 ctam
1383 3220 1393 3238 ,
1433 3199 1637 3232 catholicam
1661 3197 1859 3232 Ecclesiam
1874 3223 1882 3231 .
1921 3201 2129 3244 Confitemtir
2166 3217 2260 3236 unum
2285 3204 2393 3244 bapti-

1281 3258 1350 3277 sma
1375 3249 1409 3276 in
1436 3249 1671 3278 remissionem
1694 3253 1905 3288 peccatorum
1925 3270 1933 3278 .
1976 3247 2207 3291 Expectamus
2242 3257 2391 3281 resurre-

1279 3295 1422 3324 ctionem
1446 3299 1669 3331 mortuorum,
1697 3295 1738 3324 (φ’
1764 3297 1865 3325 vitam
1879 3293 1996 3336 finan·
2025 3297 2153 3328 seculi.
2178 3294 2311 3327 Amen.

1779 3378 1829 3422 23
