2577 3633
824 107 907 152 DE
941 105 1172 152 DIVINIS
1206 107 1584 154 NOTIONIBUS
1604 138 1620 151 .
2252 116 2307 160 53

60 205 178 243 nem,
207 202 300 246 quae
329 189 370 229 in
399 184 589 240 scriptura
617 200 724 228 sacra
752 187 796 227 fit
815 189 1033 227 divinarum
1055 186 1183 226 Perso-

66 261 206 286 narum
236 245 381 292 Patris,
411 242 507 281 Filii
530 272 540 291 ,
572 242 605 278 8(
634 242 796 295 Spiritus
825 244 972 289 sancti,
1001 255 1090 293 quae
1121 254 1184 279 co-

68 301 196 352 gnosci
214 328 225 347 ,
262 298 297 335 ἃ
325 297 507 348 distingui
536 296 673 335 debent
701 310 769 348 per
803 309 886 334 suas
909 295 1090 347 proprias
1119 308 1185 332 no-

66 357 185 396 tiones
201 378 211 390 .

128 404 218 443 188.
246 400 340 457 O'hj.
370 403 562 441 secundo.
609 403 811 455 Quidquid
838 403 991 454 ponitur
1020 402 1057 439 in
1086 400 1185 440 divi-

69 459 166 507 nis,
209 468 273 496 aut
301 459 462 511 pertinet
490 458 538 494 ad
582 459 762 495 unitatem
806 457 1002 504 essentiae,
1044 454 1184 492 autad

68 513 274 550 trinitatem
301 522 576 563 personarum3
619 512 682 548 sed
725 511 888 548 notiones
929 510 976 547 ad
1005 517 1183 546 neutrum

68 567 270 618 pertinent.
291 564 375 603 Non
390 564 437 601 ad
454 565 634 601 unitatem
657 565 839 609 essentiae3
859 577 980 615 neque
1001 563 1103 600 enim
1124 561 1182 599 di-

60 620 105 657 -ci
135 627 278 671 potest,
307 621 593 667 paternitatem
625 632 700 655 esse
721 621 966 667 sapientem,
995 615 1055 653 vel
1086 628 1181 666 <ige-

63 685 115 709 re
131 701 142 720 ,
171 684 313 710 creare
327 671 414 712 (9¹0.
444 671 518 709 Sed
541 685 673 723 neque
696 673 881 723 pertinent
910 670 956 707 ad
978 670 1182 707 trinitatem

67 738 344 778 personat-unu
374 737 447 762 non
460 724 573 761 -enirn
603 725 680 762 dici
701 733 853 777 possunt
873 724 918 761 de
936 722 1155 760 notionibus
1172 752 1182 770 ,

71 791 163 831 quae
205 778 386 816 dicuntur
422 779 467 815 de
496 779 692 829 personis,
741 790 801 814 ex.
830 790 888 828 gr.
918 777 1183 828 paternitatem

14 848 18 852 ·
68 846 278 883 generare,
309 830 343 867 δι
371 831 593 869 filiationem
620 831 823 882 generari:
855 843 942 881 ergo
962 829 1041 866 ἃς.

129 884 217 938 189.
247 885 459 937 Respondet
490 883 691 935 Angelicus
712 914 723 931 ‚
767 883 938 920 not-iones
974 883 1015 920 in
1044 881 1183 920 divinis

68 951 143 976 11011
172 938 409 991 significari,
439 946 558 975 utres
574 967 585 984 ,
610 937 678 975 sed
695 945 734 973 nt
753 940 929 973 rationes
957 934 1181 986 quasdam,

60 991 213 1044 zqnibus
241 1000 514 1043 cognoscuntur
561 1002 760 1040 personae,
805 988 841 1024 &
872 989 956 1026 ideo
997 1003 1085 1040 qnae
1117 988 1183 1026 ha-

66 1045 161 1083 bent
189 1045 361 1083 ordinem
390 1043 437 1080 ad
463 1050 592 1079 actum
621 1041 793 1093 aliquem
825 1041 1092 1091 essentialem,
1124 1041 1183 1080 vel

68 1096 338 1148 personalem,
380 1108 459 1133 -11011
489 1107 594 1146 posse
623 1095 698 1131 dici
727 1095 774 1132 de
804 1095 1044 1144 notionibus,
1087 1099 1181 1147 quia

61 1150 141 1189 7100
169 1156 363 1201 repugnat
393 1147 509 1185 modo
536 1146 795 1200 significandi
824 1152 1031 1199 ipsarum.
1053 1179 1078 1197 „
1103 1149 1183 1187 Un-

69 1233 95 1253 „
124 1203 171 1240 de
199 1215 272 1240 non
302 1214 501 1253 possumus
530 1202 677 1249 dicere,
706 1201 810 1253 qnod
840 1203 1042 1253 paternitas
1071 1217 1182 1254 gene-

60 1286 94 1305 r„
125 1265 209 1304 ret,
238 1254 299 1294 vel
321 1264 447 1304 creet,
476 1256 522 1292 sit
550 1256 700 1306 sapiens
720 1285 730 1302 ,
762 1255 823 1292 vel
844 1254 1054 1307 intelligens
1071 1283 1081 1294 .
1112 1257 1182 1295 Es-

62 1338 96 1359 t„
125 1308 297 1347 sentialia
325 1322 415 1347 vero
436 1338 447 1356 ,
476 1321 565 1360 quae
593 1321 668 1345 non
698 1307 836 1346 habent
864 1309 1036 1346 ordinem
1066 1311 1112 1347 ad
1141 1325 1182 1348 a·

68 1392 96 1411 :³
127 1362 274 1415 liquem
304 1370 462 1409 actum,
505 1361 568 1398 sed
597 1371 791 1399 removent
819 1362 1050 1399 conditiones
1079 1377 1183 1401 crea-

71 1445 96 1464 „
128 1424 224 1453 turae
255 1430 277 1452 a
306 1415 415 1462 Deo,
453 1422 604 1465 possunt
633 1415 839 1466 praedicari
868 1415 913 1452 de
942 1416 1185 1454 notionibus:

73 1498 100 1517 „
130 1481 333 1520 possumus
363 1469 467 1505 enim
497 1468 648 1514 dicere,
692 1468 791 1520 quod
817 1469 1023 1520 vpaternitas
1053 1478 1104 1505 est
1134 1484 1186 1506 εε-

64 1550 98 1571 3,
128 1531 234 1559 terna
250 1551 259 1568 ,
277 1520 337 1559 vel
354 1522 556 1570 immensa,
577 1520 639 1558 vel
654 1521 923 1574 quodcumque
940 1521 1185 1572 hujusmodi.

68 1604 102 1624 s,
133 1575 180 1613 Et
208 1574 387 1612 similiter
416 1583 569 1626 propter
590 1575 822 1613 identitatem
854 1577 907 1612 rei
925 1586 1076 1628 possunt
1097 1576 1186 1614 sub-

71 1657 97 1676 „
126 1629 288 1666 stantiva
317 1628 553 1679 personalia,
602 1628 635 1663 &
665 1628 878 1666 essentialia
907 1630 1110 1680 praedicari
1140 1630 1186 1667 de

64 1709 98 1729 ⁷„
129 1681 349 1719 notionibus
371 1696 385 1724 ‚·
415 1694 614 1732 possumus
635 1683 737 1719 enim
757 1682 883 1719 dicere
902 1712 912 1730 ,
942 1683 1044 1734 quod
1067 1692 1188 1734 pater-

70 1763 99 1782 „
130 1735 226 1772 nitas
257 1743 308 1771 est
337 1734 469 1782 Deus,
499 1733 533 1769 8c
560 1734 694 1771 Deitas
725 1743 776 1772 est
804 1733 914 1772 Pater
935 1738 960 1756 ⁵⁴
978 1760 989 1771 .

124 1800 217 1838 190.
247 1786 436 1823 Praeterea
459 1786 566 1823 idem
586 1785 626 1823 S.
646 1786 818 1833 1300101»,
847 1800 890 1824 ac
911 1786 1095 1837 Magister
1125 1800 1190 1824 no·

68 1847 150 1877 *ster
177 1848 311 1891 quaest.
334 1838 399 1884 41.
437 1847 508 1876 art.
545 1852 577 1876 1.
608 1838 800 1890 explicans
831 1839 929 1876 illud
972 1841 1117 1877 dictum
1146 1840 1187 1878 S.

70 1891 276 1943 Augustini
302 1891 390 1930 Lib.
410 1891 461 1930 V.
492 1891 539 1929 de
557 1889 698 1930 Trinit.
728 1906 812 1943 cap.
834 1893 873 1938 4.·
903 1892 938 1928 8(
961 1893 1021 1930 5.;
1055 1893 1187 1930 Omne

70 1945 172 1997 quoti
201 1945 249 1983 cle
269 1944 356 1984 Deo
390 1944 552 1992 dicitur,
582 1955 653 1982 aut·
683 1944 826 1983 dicitur
853 1946 1072 1984 secundum
1101 1946 1188 1983 sub-

69 2002 295 2048 stantiam,
338 2007 409 2036 aut
436 1998 654 2037 secun-sium
683 1999 944 2048 relationem,
993 2002 1189 2053 respondet

72 2053 121 2090 ad
153 2066 189 2091 2.
211 2083 222 2101 ,
265 2053 369 2105 quod
398 2060 502 2091 actus
532 2051 739 2091 notionales
786 2054 999 2092 secundum
1030 2055 1187 2092 modum

69 2106 313 2157 significandi
343 2114 490 2144 tantum
520 2105 702 2144 differunt
731 2121 754 2144 a
784 2106 1032 2145 relationibus
1062 2121 1188 2158 perso-

72 2172 213 2197 narum
235 2188 245 2206 ,
275 2159 338 2196 sed
360 2173 399 2197 re
428 2168 514 2198 sunt
542 2160 699 2196 omnino
728 2161 831 2197 idem
853 2187 862 2198 .
893 2159 983 2198 Vid.
1011 2168 1112 2197 totus
1143 2160 1190 2197 il-

72 2211 113 2248 ·le
142 2211 356 2260 articulus,
398 2213 478 2249 imo
519 2220 593 2249 tota
622 2213 782 2262 quaestio
823 2214 862 2250 in
900 2227 967 2250 sex
1010 2212 1190 2251 articulos

64 2264 222 2303 divisa.

136 2331 221 2370 191.
252 2316 344 2368 Obj.
370 2318 483 2356 vter-tio
512 2326 641 2357 contra
661 2332 867 2357 numerum
885 2318 1115 2358 notionum.
1143 2320 1189 2358 In

73 2371 159 2410 Deo
187 2384 264 2409 non
295 2380 379 2409 sunt
408 2373 481 2409 nisi
511 2380 583 2410 tres
612 2385 811 2423 personae,
855 2387 942 2425 ergo
972 2375 1083 2411 etiam
1118 2387 1190 2412 non

73 2425 214 2463 debent
244 2425 332 2477 poni
360 2425 436 2462 nisi
465 2433 538 2462 tres
570 2427 768 2463 notiones:
815 2428 875 2464 vel
904 2428 952 2465 ad
993 2441 1190 2466 summurn

74 2487 238 2529 quatuor
267 2478 374 2527 juxta
402 2491 608 2515 numerum
638 2478 866 2517 relationum
885 2506 896 2518 .

126 2544 223 2584 '¹9²’
255 2530 366 2583 Resp.
395 2545 481 2582 neg.
511 2544 660 2583 conseq.
704 2532 920 2571 Nonenim
965 2542 1016 2572 est
1052 2534 1189 2572 *eadem

74 2586 171 2621 ratio
192 2598 437 2636 personarum
453 2614 464 2632 ,
497 2584 724 2622 relationum
743 2615 754 2633 ,
784 2600 827 2623 ac
846 2588 1042 2624 notionum
1057 2615 1066 2624 .
1097 2587 1190 2625 Tres

73 2639 178 2675 enim
209 2651 378 2690 personae
409 2651 452 2675 ex
474 2638 945 2690 dnabusprocessionibus
973 2641 1112 2678 divinis
1132 2654 1190 2678 re-

74 2690 214 2729 sultant
233 2722 243 2740 ,
273 2705 412 2742 nempe
441 2691 588 2739 Patris,
631 2694 699 2744 qui
728 2703 910 2744 generat,
955 2693 1075 2742 Filii,
1119 2695 1187 2747 (1111

71 2753 273 2796 generatur
294 2775 304 2793 ,
337 2743 369 2779 8(
389 2745 554 2796 Spiritus
582 2746 699 2783 sancti
718 2776 728 2793 ,
759 2748 826 2800 qui
856 2762 878 2785 a
906 2745 1034 2795 Patre,
1066 2747 1187 2785 Filio-

75 2812 152 2849 que
181 2798 375 2851 procedit.
424 2798 484 2835 ΕΚ
514 2798 634 2836 tribus
662 2808 789 2838 autem
830 2801 998 2853 personis
1026 2811 1187 2853 quatuor

76 2861 283 2903 exsurgunt
312 2851 539 2900 relationes,
577 2854 831 2904 paternitatis,
861 2853 1081 2902 filiationis,
1110 2857 1185 2906 spi-

71 2905 226 2942 ·1ationis
253 2906 390 2943 activae
413 2936 423 2953 ,
454 2905 487 2940 8<
518 2907 791 2957 processionis.
829 2907 1007 2960 ‘Denique
1035 2908 1096 2946 hae
1128 2922 1185 2946 re-

74 2952 234 2994 lationes
261 2972 335 2996 non
364 2957 559 2996 sufficiunt
588 2960 635 2996 ad
663 2968 767 2998 actus
787 2961 1016 3007 not-ionales5
1046 2963 1186 3000 adden-

75 3006 127 3043 da
170 3019 220 3046 est
249 3013 348 3049 enim
394 3012 700 3061 innascibilitas,
744 3024 781 3051 ut
810 3024 1074 3066 cognoscatur,
1117 3015 1187 3052 Pa-

75 3067 174 3097 trem
191 3090 201 3107 ,
231 3065 296 3113 qui
324 3075 501 3114 generat,
533 3081 610 3104 esse
638 3069 871 3118 ingenitum.

142 3113 395 3172 ¹935‚Di⁰e⁵'·
425 3118 519 3156 Haec
549 3119 691 3172 duplex
723 3123 825 3158 notio
851 3120 991 3171 Patris,
1021 3123 1118 3161 sicut
1148 3136 1185 3158 e-

75 3167 172 3203 tiam
204 3165 320 3214 Filii,
368 3179 418 3205 est
453 3185 759 3223 supervacanea3
805 3189 883 3213 una
912 3178 1017 3214 enim
1046 3174 1186 3214 sufficit

76 3220 129 3256 ad
160 3233 276 3256 unam
306 3234 500 3271 personam
528 3227 577 3264 ab
604 3227 691 3266 aliis
720 3230 1075 3268 internosse-endam.

141 3273 226 3324 ¹94·
251 3271 370 3333 ΒΘΒΡ.
399 3288 485 3326 neg·
516 3278 635 3330 maj.;
678 3296 766 3319 nam
795 3285 1017 3334 paternitate
1056 3284 1186 3334 utique

76 3325 323 3377 distinguitur
367 3341 387 3366 a
414 3328 542 3378 Filio,
576 3334 648 3373 ,sed
685 3348 763 3375 non
791 3350 814 3374 a
842 3336 988 3388 Spiritu
1033 3347 1187 3375 sanem.

1252 189 1394 227 Rursus
1423 192 1672 242 paternitate,
1717 188 1751 226 ἃ
1779 190 1984 243 spiratione
2013 189 2136 232 activa
2159 189 2274 232 Pater
2301 195 2360 234 die

1252 244 1454 293 stinguitur
1483 258 1504 280 a
1533 243 1680 280 duabus
1709 246 1899 294 personis.
1947 246 2125 285 Addenda
2153 256 2278 286 tamen
2300 258 2362 287 -est

1253 296 1556 344 innascibilitas,
1603 304 1640 333 ut
1670 298 1833 334 sciamus
1852 327 1861 345 ,
1906 299 1956 335 ita
1984 298 2130 338 Patrem
2163 315 2239 338 esse
2269 301 2366 350 111111-

1249 361 1339 385 runi
1370 363 1617 400 personarum
1647 351 1880 403 principium
1899 380 1910 398 ,
1949 360 1987 388 ut
2017 354 2096 404 ipse
2124 356 2227 392 omni
2258 357 2364 408 priu-

1253 402 1356 453 cipio
1385 413 1509 440 careat
1530 429 1540 440 .

1312 455 1398 505 195.
1429 456 1541 494 Dices
1571 457 1758 495 secundo:
1782 457 2071 495 innascibilitas
2091 459 2198 497 1111111
2228 470 2278 499 est
2293 477 2365 513 ¹po-

1253 508 1434 556 sitivum,
1479 511 1540 547 sed
1572 525 1666 562 pura
1695 512 1846 562 negatio
1885 511 2091 563 principii3
2133 526 2210 551 non
2241 517 2366 567 itaque

1253 562 1291 597 in
1321 574 1476 598 censum
1506 564 1725 601 divinarum
1755 566 1949 602 notionum
1970 565 2110 602 venire
2140 575 2284 616 potest.

1311 613 1397 665 196.
1430 614 1540 666 Resp.
1571 618 1801 670 Quanquam
1845 618 2119 656 innascibilitas
2149 632 2194 655 ex
2224 634 2260 657 se
2290 620 2361 659 ali-

1250 668 1343 720 quid
1373 670 1592 718 negativum
1614 671 1809 721 *significet
1829 701 1840 718 ,
1871 680 2034 708 attamen
2052 686 2152 710 >cuin
2181 673 2227 709 de
2259 683 2367 712 aeter-

1251 734 1299 757 no
1329 719 1436 758 Patre
1465 723 1688 760 enunciatur
1706 754 1716 771 ,
1759 724 1907 777 aliquid
1950 726 2156 775 positivum
2185 726 2365 777 denotat,

1250 773 1397 811 scilicet
1418 788 1625 826 personam
1655 777 1853 826 divinam,
1883 792 1971 830 quae
1994 793 2016 816 a
2036 778 2143 816 nulla
2172 779 2252 817 alia
2280 795 2366 833 pro-

1244 827 1350 866 cedit
1362 852 1378 864 -.

1311 893 1398 932 ¹97·
1428 880 1542 919 Dices
1571 883 1709 920 tertio:
1750 884 1863 922 ‘Notio
1891 899 1936 922 ex
1965 885 2113 924 definit.
2143 899 2227 938 sup.
2246 902 2368 928 1111111.

1253 934 1344 985 178.
1385 936 1521 972 tradita
1561 936 1707 973 denotat
1751 937 1922 989 aliquam
1964 941 2261 990 perfectionein.;
2303 944 2368 980 sed

1252 987 1530 1026 innascibilitas
1554 989 1712 1027 vnnllam
1734 991 1825 1028 dicit
1847 992 2136 1043 perfectionem:
2167 993 2368 1047 aliasvper-

1251 1055 1378 1090 sonae,
1409 1056 1496 1094 quae
1528 1044 1758 1094 procedunt,
1804 1044 1873 1081 hac
1904 1046 2136 1095 perfectione
2165 1059 2367 1098 carerent,

1251 1109 1295 1132 ac
1325 1096 1485 1147 proinde
1513 1110 1587 1134 11011
1618 1107 1732 1134 essent
1764 1098 1923 1135 infinitae
1943 1125 1952 1135 .

1310 1148 1398 1200 198.
1430 1149 1540 1201 liesp.
1573 1152 1763 1188 notionem
1809 1151 2117 1191 innascibilitatis
2163 1165 2261 1194 certe
2292 1171 2370 1195 esse

1251 1203 1551 1254 perfectione1n3
1593 1205 1678 1255 quis
1718 1205 1822 1241 enim
1850 1215 1986 1256 negat,
2029 1220 2220 1245 suminam
2251 1209 2369 1248 Patris

1251 1270 1328 1292 esse
1358 1257 1629 1307 perfectionem
1643 1287 1658 1305 .,
1702 1258 1802 1309 quod
1846 1271 2090 1311 quocumque
2119 1259 2196 1298 alio
2225 1263 2371 1313 princi-

1251 1310 1317 1359 pio
1345 1319 1468 1347 careat
1486 1340 1495 1357 ,
1527 1309 1561 1345 8<
1590 1311 1634 1348 sit
1663 1326 1685 1348 a
1713 1310 1863 1363 seipso?
1909 1312 2002 1349 Haec
2031 1322 2159 1351 autem
2189 1316 2372 1366 perfectio

1255 1371 1308 1399 est
1337 1364 1376 1400 in
1406 1362 1515 1400 Patre
1544 1363 1646 1410 solo,
1680 1364 1957 1416 reduplicative
1988 1374 2027 1401 ut
2058 1369 2184 1418 prima
2215 1382 2372 1419 persona

1256 1424 1334 1452 est.
1378 1415 1525 1453 Eadem
1569 1425 1692 1455 tamen
1722 1417 1756 1453 &
1787 1420 1825 1455 in
1855 1419 1942 1456 aliis
1971 1418 2142 1457 Personis
2171 1430 2250 1468 esc,
2292 1436 2372 1461 non

1255 1468 1413 1519 quidem
1452 1471 1591 1507 ratione
1636 1484 1833 1521 personae,
1876 1473 1939 1508 sed
1974 1473 2116 1510 ratione
2164 1477 2335 1513 essentiae
2359 1505 2369 1515 .

1255 1522 1354 1558 Cum
1385 1524 1487 1559 enim
1517 1523 1699 1575 quaelibet
1729 1525 1910 1576 perfectio
1937 1526 2070 1562 diviua
2113 1527 2370 1567 identificetnr

1255 1588 1343 1612 cum
1365 1577 1529 1613 essentia
1546 1606 1555 1624 ,
1587 1576 1620 1612 8<
1651 1579 1806 1618 essentia
1836 1592 1909 1615 una
1927 1609 1935 1625 ,
1967 1579 2176 1632 eademque
2196 1582 2250 1618 ‘sit
2273 1583 2310 1620 in
2330 1596 2371 1620 o-

1256 1628 1413 1666 mnibus
1442 1631 1636 1680 personis,
1681 1629 1772 1668 liinc
1803 1631 1987 1682 quaelibet
2018 1646 2178 1683 persona
2206 1637 2371 1674 mediate

1256 1680 1388 1718 saltem
1407 1712 1416 1729 ‚
1447 1696 1512 1718 seu
1543 1684 1688 1720 ratione
1718 1686 1887 1721 essentiae
1918 1686 2167 1735 perfectiones
2195 1690 2370 1727 omnium

1257 1734 1423 1770 aliarum
1454 1734 1592 1779 liabet3
1623 1748 1696 1773 non
1712 1737 1868 1787 quidem
1887 1738 2152 1787 formaliter,
2183 1742 2244 1778 sed
2263 1742 2370 1780 iden-

1257 1789 1357 1832 tice,
1389 1795 1427 1823 ut
1456 1785 1681 1825 Scholastici
1710 1787 1947 1839 loquuntur.
1977 1789 2077 1827 Vide
2106 1805 2190 1843 sup.
2212 1794 2370 1835 Disserts

1256 1839 1287 1875 Ι.
1317 1852 1424 1877 num.
1447 1852 1538 1877 2110.

1313 1904 1404 1945 ¹99·
1435 1893 1548 1930 Dices
1577 1902 1729 1946 quarto:
1758 1894 1924 1947 Spiratio
1945 1897 2096 1945 activa,
2129 1907 2254 1950 utpote
2282 1916 2372 1954 quae

1255 1944 1404 1984 duabus
1435 1949 1601 1997 personis
1632 1951 1805 1987 convenit
1825 1948 1952 1988 *Patris
1967 1981 1977 1998 ,
1999 1950 2042 1987 1&
2063 1950 2156 1989 Filii
2173 1982 2182 2000 ,
2215 1967 2284 1992 non
2305 1970 2371 2007 po-

1256 2007 1321 2036 test
1354 2001 1452 2037 inter
1480 2002 1648 2038 notiones
1677 2004 1900 2048 numerari3
1929 2005 2021 2055 quia
2051 2007 2152 2042 notio
2181 2016 2232 2044 est
2260 2019 2369 2059 nota,

1256 2066 1320 2089 seu
1352 2051 1546 2092 character
1575 2054 1623 2091 ad
1665 2068 1780 2092 unam
1824 2070 2024 2107 personam
2065 2058 2371 2111 'distinguendam

1257 2106 1306 2142 ab
1335 2105 1445 2143 aliis..

1314 2172 1404 2196 200.
1436 2158 1547 2211 Resp.
1578 2162 1692 2198 etiam
1721 2161 1970 2214 spirationem
2007 2164 2172 2202 activam
2194 2180 2277 2205 esse
2305 2182 2371 2206 no-

1256 2212 1401 2249 tionem
1425 2242 1435 2261 ,
1481 2228 1546 2251 seu
1577 2224 1703 2252 notam
1721 2245 1732 2263 ,
1777 2215 1811 2251 &
1840 2215 2099 2255 characterem
2120 2248 2130 2265 ‚
2178 2233 2254 2271 qua
2281 2222 2369 2261 duae

1259 2279 1453 2317 personae,
1486 2267 1628 2315 Patris,
1658 2282 1702 2306 ac
1733 2268 1854 2317 Filii,
1884 2283 1906 2306 a
1936 2271 2044 2308 tertia
2058 2270 2222 2323 Spiritus
2250 2279 2370 2316 sancti

1256 2332 1416 2370 ,persona
1445 2321 1749 2372 distinguuntur.

1315 2387 1406 2411 201.
1436 2373 1528 2426 Obj.
1560 2385 1711 2427 quarto:
1742 2374 1920 2413 Notiones
1949 2377 2084 2415 debent
2107 2392 2193 2417 esse
2216 2381 2366 2433 plures,

1254 2441 1374 2478 vquain
1406 2429 1574 2480 quinque
1592 2455 1601 2466 .
1630 2429 1729 2467 Nam
1761 2439 1866 2481 pater
1887 2439 2074 2478 aeternus,
2102 2433 2200 2470 sicut
2229 2444 2282 2472 est
2312 2438 2369 2474 in>-

1257 2480 1485 2528 nascibilis,
1517 2481 1549 2517 δε
1580 2483 1791 2533 ingenitus,
1823 2484 1875 2520 ita
1905 2493 1957 2520 est
1987 2485 2250 2536 inspirabilis:
2281 2503 2369 2541 ergo

1258 2536 1372 2571 etiam
1405 2535 1675 2585 inepirabilitas
1704 2537 1773 2573 erit
1803 2537 1900 2573 notio
1928 2535 2072 2576 Patris.

1315 2601 1405 2624 202.
1431 2587 1546 2638 hosp.
1576 2587 1928 2640 Impirabilitatem
1959 2592 1997 2628 in
2019 2590 2152 2639 Patre,
2183 2592 2366 2645 81131110,

1258 2642 1369 2678 sicuti
1398 2641 1511 2677 etiam
1540 2641 1930 2694 ingenerabile'tatem
1959 2645 2001 2681 in
2029 2644 2175 2696 Spiritu
2213 2659 2367 2699 sanem,

1257 2708 1329 2732 non
1361 2707 1436 2731 esse
1479 2697 1671 2742 notiones,
1715 2696 1808 2747 quia
1838 2695 1984 2734 nullam
2015 2698 2260 2749 dignitatem,
2306 2714 2369 2741 aut

1254 2748 1527 2800 perfectionem
1565 2748 1723 2796 dicunt,
1771 2750 1872 2801 quod
1902 2759 2027 2788 tamen
2071 2753 2109 2789 in
2151 2756 2368 2794 notionibus

1255 2802 1486 2852 requiritur.
1529 2802 1627 2840 Cum
1657 2803 1762 2840 enim
1790 2813 1952 2855 utraque
1982 2818 2142 2856 persona
2172 2805 2263 2844 Filii
2284 2839 2292 2853 ,
2331 2809 2365 2845 8<

1255 2855 1418 2905 Spiritus
1447 2856 1564 2892 sancti
1607 2856 1811 2906 procedat,
1858 2856 1975 2894 altera
2021 2859 2177 2909 quidem
2208 2875 2228 2896 a
2258 2860 2367 2899 Patre

1253 2922 1322 2960 per
1348 2909 1629 2957 generationem
1648 2939 1658 2956 ,
1688 2909 1722 2945 8<
1752 2909 1869 2947 altera
1897 2925 1920 2947 a
1949 2910 2055 2947 Patre
2073 2941 2082 2956 ,
2113 2911 2145 2946 &
2168 2911 2269 2950 Filio
2299 2929 2366 2966 per

1256 2962 1430 2997 virtutem
1452 2962 1695 3012 spirativam,
1727 2962 1832 2999 nulla
1858 2965 1899 3000 111
1916 2963 2018 3000 Filio
2040 2963 2265 3015 intelligitur
2281 2983 2366 3019 per-

1252 3015 1368 3052 fectio
1387 3044 1398 3060 5
1428 3015 1527 3066 quod
1567 3028 1642 3053 non
1667 3017 1785 3066 'possit
1816 3017 1927 3052 etiam
1958 3017 2162 3067 procedere
2192 3033 2260 3069 per
2288 3024 2366 3073 spi-

1252 3069 1465 3112 ratione1n3
1496 3067 1529 3102 &
1559 3068 1667 3105 nulla
1696 3069 1734 3105 in
1749 3069 1895 3119 Spiritu
1921 3078 2072 3117 sancto,
2102 3072 2205 3123 quod
2234 3083 2365 3124 proce-

1254 3121 1342 3158 dere
1371 3129 1531 3171 nequeat
1561 3132 1628 3172 per
1665 3123 1944 3172 generationem
1962 3149 1972 3160 .
2020 3123 2183 3161 Summa
2211 3138 2363 3176 contra,

1254 3174 1288 3210 8<
1319 3174 1467 3211 infinita
1497 3174 1724 3226 intelligitur
1754 3176 1939 3226 perfectio
1967 3177 2006 3214 in
2036 3175 2169 3225 Patre,
2213 3182 2310 3230 quod
2341 3196 2361 3218 a

1253 3226 1361 3265 nullo
1389 3225 1466 3263 alio
1494 3229 1686 3280 principio
1714 3230 1917 3278 procedat,
1948 3230 2009 3267 sed
2029 3232 2075 3268 sit
2100 3232 2183 3283 ipse
2197 3232 2360 3271 aliarum

1253 3294 1501 3333 personarum
1531 3281 1768 3332 principium
1790 3312 1800 3330 ,
1832 3283 1941 3329 fons,
1972 3283 2005 3319 8(
2035 3286 2166 3334 origO.

1312 3333 1402 3373 203.
1432 3333 1571 3373 Dices:
1620 3333 1764 3374 Saltem
1806 3337 1845 3374 in
1876 3336 1978 3375 Filio
2013 3350 2152 3388 magna
2180 3338 2361 3388 perfectio

2250 3402 2310 3429 ln-
