<?xml version="1.0" encoding="UTF-8"?>
<!DOCTYPE html PUBLIC "-//W3C//DTD XHTML 1.0 Transitional//EN"
    "http://www.w3.org/TR/xhtml1/DTD/xhtml1-transitional.dtd">
<html xmlns="http://www.w3.org/1999/xhtml" xml:lang="en" lang="en">
 <head>
  <title>
</title>
<meta http-equiv="Content-Type" content="text/html;charset=utf-8" />
  <meta name='ocr-system' content='tesseract 3.04.00' />
  <meta name='ocr-capabilities' content='ocr_page ocr_carea ocr_par ocr_line ocrx_word'/>
</head>
<body>
  <div class='ocr_page' id='page_1' title='image "./fratrispetrimari02gazzuoft/fratrispetrimari02gazzuoft_0260.png"; bbox 0 0 2577 3633; ppageno 0'>
   <div class='ocr_carea' id='block_1_1' title="bbox 231 226 2397 3445">
    <p class='ocr_par' dir='ltr' id='par_1_1' title="bbox 237 226 2379 750">
     <span class='ocr_line' id='line_1_1' title="bbox 303 226 388 259; baseline -0.024 -2"><span class='ocrx_word' id='word_1_1' title='bbox 303 226 388 259; x_wconf 73' lang='lat' dir='ltr'>xv11</span> 
     </span>
     <span class='ocr_line' id='line_1_2' title="bbox 240 286 2372 354; baseline -0.003 -12"><span class='ocrx_word' id='word_1_2' title='bbox 240 324 266 354; x_wconf 35' lang='grc' dir='ltr'>,ἦ</span> <span class='ocrx_word' id='word_1_3' title='bbox 292 297 539 349; x_wconf 80' lang='lat' dir='ltr'>sinceram,</span> <span class='ocrx_word' id='word_1_4' title='bbox 572 291 737 339; x_wconf 80' lang='lat' dir='ltr'>&#39;nullius</span> <span class='ocrx_word' id='word_1_5' title='bbox 773 289 959 337; x_wconf 85' lang='lat' dir='ltr'>omnino</span> <span class='ocrx_word' id='word_1_6' title='bbox 990 288 1190 352; x_wconf 82' lang='lat' dir='ltr'>indigam</span> <span class='ocrx_word' id='word_1_7' title='bbox 1221 289 1369 336; x_wconf 76' lang='lat' dir='ltr'>&#39;ideam</span> <span class='ocrx_word' id='word_1_8' title='bbox 1387 299 1622 353; x_wconf 84' lang='lat' dir='ltr'>properat:</span> <span class='ocrx_word' id='word_1_9' title='bbox 1656 286 1750 334; x_wconf 73' lang='lat' dir='ltr'>&#39;tres</span> <span class='ocrx_word' id='word_1_10' title='bbox 1776 301 1888 335; x_wconf 66' lang='lat' dir='ltr'>‘vero</span> <span class='ocrx_word' id='word_1_11' title='bbox 1909 323 1921 344; x_wconf 83' lang='lat'>‚</span> <span class='ocrx_word' id='word_1_12' title='bbox 1955 289 2134 351; x_wconf 73' lang='lat' dir='ltr'>quando</span> <span class='ocrx_word' id='word_1_13' title='bbox 2170 289 2372 336; x_wconf 82' lang='lat' dir='ltr'>nondum</span> 
     </span>
     <span class='ocr_line' id='line_1_3' title="bbox 237 355 2372 425; baseline -0.002 -18"><span class='ocrx_word' id='word_1_14' title='bbox 237 398 263 419; x_wconf 59' lang='lat'>5,</span> <span class='ocrx_word' id='word_1_15' title='bbox 297 363 470 425; x_wconf 83' lang='lat' dir='ltr'>magnis</span> <span class='ocrx_word' id='word_1_16' title='bbox 505 360 667 406; x_wconf 87' lang='lat' dir='ltr'>initiata.</span> <span class='ocrx_word' id='word_1_17' title='bbox 705 356 940 421; x_wconf 71' lang='lat' dir='ltr'>mysteriis,</span> <span class='ocrx_word' id='word_1_18' title='bbox 978 355 1122 402; x_wconf 81' lang='lat' dir='ltr'>adhuc</span> <span class='ocrx_word' id='word_1_19' title='bbox 1156 356 1402 403; x_wconf 87' lang='lat' dir='ltr'>minoribus</span> <span class='ocrx_word' id='word_1_20' title='bbox 1440 367 1667 419; x_wconf 76' lang='lat' dir='ltr'>operatur,</span> <span class='ocrx_word' id='word_1_21' title='bbox 1705 371 1785 400; x_wconf 87' lang='lat' dir='ltr'>nec</span> <span class='ocrx_word' id='word_1_22' title='bbox 1820 365 1963 416; x_wconf 84' lang='lat' dir='ltr'>potest</span> <span class='ocrx_word' id='word_1_23' title='bbox 1999 372 2099 399; x_wconf 89' lang='lat' dir='ltr'>eum</span> <span class='ocrx_word' id='word_1_24' title='bbox 2121 389 2132 408; x_wconf 84' lang='lat'>‚</span> <span class='ocrx_word' id='word_1_25' title='bbox 2168 358 2248 417; x_wconf 84' lang='lat' dir='ltr'>qui</span> <span class='ocrx_word' id='word_1_26' title='bbox 2278 368 2372 413; x_wconf 79' lang='lat' dir='ltr'>est,</span> 
     </span>
     <span class='ocr_line' id='line_1_4' title="bbox 239 420 2372 490; baseline -0.003 -17"><span class='ocrx_word' id='word_1_27' title='bbox 239 463 266 486; x_wconf 84' lang='lat'>‚,</span> <span class='ocrx_word' id='word_1_28' title='bbox 300 429 393 474; x_wconf 89' lang='lat' dir='ltr'>sine</span> <span class='ocrx_word' id='word_1_29' title='bbox 428 428 514 474; x_wconf 86' lang='lat' dir='ltr'>alio</span> <span class='ocrx_word' id='word_1_30' title='bbox 550 444 629 490; x_wconf 84' lang='lat' dir='ltr'>per</span> <span class='ocrx_word' id='word_1_31' title='bbox 677 443 723 471; x_wconf 90' lang='lat' dir='ltr'>se</span> <span class='ocrx_word' id='word_1_32' title='bbox 750 423 900 469; x_wconf 75' lang='lat' dir='ltr'>solum</span> <span class='ocrx_word' id='word_1_33' title='bbox 951 421 1358 485; x_wconf 79' lang='lat' dir='ltr'><strong>comprehendere,</strong></span> <span class='ocrx_word' id='word_1_34' title='bbox 1412 423 1490 468; x_wconf 84' lang='lat' dir='ltr'>sed</span> <span class='ocrx_word' id='word_1_35' title='bbox 1525 438 1603 484; x_wconf 87' lang='lat' dir='ltr'>per</span> <span class='ocrx_word' id='word_1_36' title='bbox 1638 420 1772 483; x_wconf 87' lang='lat' dir='ltr'>ipsius</span> <span class='ocrx_word' id='word_1_37' title='bbox 1807 430 1898 466; x_wconf 87' lang='lat' dir='ltr'>acta</span> <span class='ocrx_word' id='word_1_38' title='bbox 1928 431 2005 466; x_wconf 63' lang='lat' dir='ltr'>&gt;afut</span> <span class='ocrx_word' id='word_1_39' title='bbox 2054 420 2372 478; x_wconf 73' lang='lat' dir='ltr'>conditorem,</span> 
     </span>
     <span class='ocr_line' id='line_1_5' title="bbox 239 485 2376 557; baseline -0.003 -20"><span class='ocrx_word' id='word_1_40' title='bbox 239 531 267 553; x_wconf 82' lang='lat'>„</span> <span class='ocrx_word' id='word_1_41' title='bbox 303 506 375 540; x_wconf 83' lang='lat' dir='ltr'>aut</span> <span class='ocrx_word' id='word_1_42' title='bbox 409 511 559 557; x_wconf 76' lang='lat' dir='ltr'>regem</span> <span class='ocrx_word' id='word_1_43' title='bbox 600 490 801 536; x_wconf 83' lang='lat' dir='ltr'>omni-um</span> <span class='ocrx_word' id='word_1_44' title='bbox 823 523 832 534; x_wconf 93' lang='lat'><strong>.</strong></span> <span class='ocrx_word' id='word_1_45' title='bbox 890 488 969 536; x_wconf 87' lang='lat' dir='ltr'>Est</span> <span class='ocrx_word' id='word_1_46' title='bbox 1004 500 1148 535; x_wconf 87' lang='lat' dir='ltr'>autem</span> <span class='ocrx_word' id='word_1_47' title='bbox 1187 489 1294 535; x_wconf 85' lang='lat' dir='ltr'>haec</span> <span class='ocrx_word' id='word_1_48' title='bbox 1327 488 1581 535; x_wconf 82' lang='lat' dir='ltr'>secundaria</span> <span class='ocrx_word' id='word_1_49' title='bbox 1635 487 1758 548; x_wconf 76' lang='lat' dir='ltr'>juxta</span> <span class='ocrx_word' id='word_1_50' title='bbox 1788 486 2077 548; x_wconf 81' lang='lat' dir='ltr'>proverbium</span> <span class='ocrx_word' id='word_1_51' title='bbox 2117 485 2338 547; x_wconf 82' lang='lat' dir='ltr'>navigatio</span> <span class='ocrx_word' id='word_1_52' title='bbox 2361 522 2376 541; x_wconf 82' lang='lat'>,</span> 
     </span>
     <span class='ocr_line' id='line_1_6' title="bbox 239 550 2379 618; baseline -0.006 -11"><span class='ocrx_word' id='word_1_53' title='bbox 239 597 266 618; x_wconf 84' lang='lat'>‚,</span> <span class='ocrx_word' id='word_1_54' title='bbox 304 578 395 607; x_wconf 84' lang='lat' dir='ltr'>non</span> <span class='ocrx_word' id='word_1_55' title='bbox 435 561 571 606; x_wconf 86' lang='lat' dir='ltr'>aliena</span> <span class='ocrx_word' id='word_1_56' title='bbox 606 567 754 601; x_wconf 81' lang='lat' dir='ltr'>tamen</span> <span class='ocrx_word' id='word_1_57' title='bbox 789 572 812 600; x_wconf 88' lang='lat' dir='ltr'>a</span> <span class='ocrx_word' id='word_1_58' title='bbox 848 555 920 617; x_wconf 86' lang='lat' dir='ltr'>pia</span> <span class='ocrx_word' id='word_1_59' title='bbox 954 557 1237 601; x_wconf 76' lang='lat' dir='ltr'>sententia.“</span> <span class='ocrx_word' id='word_1_60' title='bbox 1272 556 1403 600; x_wconf 83' lang='lat' dir='ltr'>Certe</span> <span class='ocrx_word' id='word_1_61' title='bbox 1428 553 1640 606; x_wconf 82' lang='lat' dir='ltr'>obscura,</span> <span class='ocrx_word' id='word_1_62' title='bbox 1676 563 1717 596; x_wconf 84' lang='lat' dir='ltr'>et</span> <span class='ocrx_word' id='word_1_63' title='bbox 1753 552 2039 613; x_wconf 79' lang='lat' dir='ltr'>aenigmatica</span> <span class='ocrx_word' id='word_1_64' title='bbox 2076 550 2183 597; x_wconf 86' lang='lat' dir='ltr'>haec</span> <span class='ocrx_word' id='word_1_65' title='bbox 2211 550 2379 596; x_wconf 87' lang='lat' dir='ltr'>-estdo-</span> 
     </span>
     <span class='ocr_line' id='line_1_7' title="bbox 239 616 2375 685; baseline -0.005 -12"><span class='ocrx_word' id='word_1_66' title='bbox 239 627 402 681; x_wconf 77' lang='lat' dir='ltr'>ctrina⁷</span> <span class='ocrx_word' id='word_1_67' title='bbox 438 624 490 669; x_wconf 87' lang='lat' dir='ltr'>ab</span> <span class='ocrx_word' id='word_1_68' title='bbox 526 640 573 668; x_wconf 86' lang='lat' dir='ltr'>ea</span> <span class='ocrx_word' id='word_1_69' title='bbox 598 633 744 667; x_wconf 84' lang='lat' dir='ltr'>tamen</span> <span class='ocrx_word' id='word_1_70' title='bbox 765 655 776 675; x_wconf 90' lang='lat'>‚</span> <span class='ocrx_word' id='word_1_71' title='bbox 810 638 946 685; x_wconf 80' lang='lat' dir='ltr'>quam</span> <span class='ocrx_word' id='word_1_72' title='bbox 969 638 1050 666; x_wconf 85' lang='lat' dir='ltr'>nos</span> <span class='ocrx_word' id='word_1_73' title='bbox 1086 622 1140 668; x_wconf 90' lang='lat' dir='ltr'>de</span> <span class='ocrx_word' id='word_1_74' title='bbox 1175 630 1451 668; x_wconf 83' lang='lat' dir='ltr'>sacrosancto</span> <span class='ocrx_word' id='word_1_75' title='bbox 1488 618 1735 664; x_wconf 81' lang='lat' dir='ltr'>individuae</span> <span class='ocrx_word' id='word_1_76' title='bbox 1755 618 1985 665; x_wconf 74' lang='lat' dir='ltr'>Trinitatis</span> <span class='ocrx_word' id='word_1_77' title='bbox 2021 616 2227 681; x_wconf 68' lang='lat' dir='ltr'>mysterio</span> <span class='ocrx_word' id='word_1_78' title='bbox 2261 634 2375 680; x_wconf 85' lang='lat' dir='ltr'>pro-</span> 
     </span>
     <span class='ocr_line' id='line_1_8' title="bbox 237 683 1736 750; baseline -0.007 -12"><span class='ocrx_word' id='word_1_79' title='bbox 237 691 444 743; x_wconf 80' lang='lat' dir='ltr'>fitemur,</span> <span class='ocrx_word' id='word_1_80' title='bbox 473 705 659 750; x_wconf 52' lang='lat' dir='ltr'>‚prorsus</span> <span class='ocrx_word' id='word_1_81' title='bbox 692 699 892 734; x_wconf 83' lang='lat' dir='ltr'>remota.</span> <span class='ocrx_word' id='word_1_82' title='bbox 925 687 985 734; x_wconf 91' lang='lat' dir='ltr'>Et</span> <span class='ocrx_word' id='word_1_83' title='bbox 1020 686 1127 734; x_wconf 85' lang='lat' dir='ltr'>haec</span> <span class='ocrx_word' id='word_1_84' title='bbox 1162 690 1215 734; x_wconf 85' lang='lat' dir='ltr'>de</span> <span class='ocrx_word' id='word_1_85' title='bbox 1253 687 1469 732; x_wconf 87' lang='lat' dir='ltr'>Trinitate</span> <span class='ocrx_word' id='word_1_86' title='bbox 1502 683 1706 732; x_wconf 86' lang='lat' dir='ltr'>Philonis</span> <span class='ocrx_word' id='word_1_87' title='bbox 1727 719 1736 728; x_wconf 93' lang='lat'>.</span> 
     </span>
    </p>

    <p class='ocr_par' dir='ltr' id='par_1_2' title="bbox 231 748 2392 1673">
     <span class='ocr_line' id='line_1_9' title="bbox 303 748 2379 813; baseline -0.003 -13"><span class='ocrx_word' id='word_1_88' title='bbox 303 756 377 801; x_wconf 79' lang='lat'>50.</span> <span class='ocrx_word' id='word_1_89' title='bbox 414 755 559 801; x_wconf 84' lang='lat' dir='ltr'>Pauca</span> <span class='ocrx_word' id='word_1_90' title='bbox 596 754 733 800; x_wconf 82' lang='lat' dir='ltr'>modo</span> <span class='ocrx_word' id='word_1_91' title='bbox 769 753 980 799; x_wconf 82' lang='lat' dir='ltr'>addamus</span> <span class='ocrx_word' id='word_1_92' title='bbox 1016 754 1069 798; x_wconf 86' lang='lat' dir='ltr'>de</span> <span class='ocrx_word' id='word_1_93' title='bbox 1105 751 1233 809; x_wconf 60' lang='grc' dir='ltr'>λοῗγω,</span> <span class='ocrx_word' id='word_1_94' title='bbox 1267 769 1344 797; x_wconf 86' lang='lat' dir='ltr'>seu</span> <span class='ocrx_word' id='word_1_95' title='bbox 1381 750 1540 803; x_wconf 87' lang='lat' dir='ltr'>Verbo</span> <span class='ocrx_word' id='word_1_96' title='bbox 1576 751 1750 805; x_wconf 87' lang='lat' dir='ltr'>divino,</span> <span class='ocrx_word' id='word_1_97' title='bbox 1786 749 1907 812; x_wconf 82' lang='lat' dir='ltr'>quod</span> <span class='ocrx_word' id='word_1_98' title='bbox 1933 749 2171 812; x_wconf 80' lang='lat' dir='ltr'>magnifice</span> <span class='ocrx_word' id='word_1_99' title='bbox 2204 748 2379 813; x_wconf 85' lang='lat' dir='ltr'>praedi-</span> 
     </span>
     <span class='ocr_line' id='line_1_10' title="bbox 237 815 2379 880; baseline -0.003 -13"><span class='ocrx_word' id='word_1_100' title='bbox 237 832 382 867; x_wconf 87' lang='lat' dir='ltr'>catum</span> <span class='ocrx_word' id='word_1_101' title='bbox 419 838 512 866; x_wconf 87' lang='lat' dir='ltr'>non</span> <span class='ocrx_word' id='word_1_102' title='bbox 543 838 640 866; x_wconf 85' lang='lat' dir='ltr'>uno</span> <span class='ocrx_word' id='word_1_103' title='bbox 678 821 720 865; x_wconf 85' lang='lat' dir='ltr'>in</span> <span class='ocrx_word' id='word_1_104' title='bbox 757 820 858 866; x_wconf 84' lang='lat' dir='ltr'>loco</span> <span class='ocrx_word' id='word_1_105' title='bbox 893 817 1124 866; x_wconf 82' lang='lat' dir='ltr'>aPhilone</span> <span class='ocrx_word' id='word_1_106' title='bbox 1162 819 1429 872; x_wconf 85' lang='lat' dir='ltr'>invenimus;</span> <span class='ocrx_word' id='word_1_107' title='bbox 1466 836 1515 863; x_wconf 89' lang='lat' dir='ltr'>ac</span> <span class='ocrx_word' id='word_1_108' title='bbox 1543 828 1776 880; x_wconf 83' lang='lat' dir='ltr'>propterea</span> <span class='ocrx_word' id='word_1_109' title='bbox 1811 815 1865 862; x_wconf 92' lang='lat' dir='ltr'>ab</span> <span class='ocrx_word' id='word_1_110' title='bbox 1903 815 2099 862; x_wconf 81' lang='lat' dir='ltr'>Eusebio</span> <span class='ocrx_word' id='word_1_111' title='bbox 2134 815 2235 862; x_wconf 85' lang='lat' dir='ltr'>Lib.</span> <span class='ocrx_word' id='word_1_112' title='bbox 2263 815 2379 864; x_wconf 85' lang='lat' dir='ltr'>VII.</span> 
     </span>
     <span class='ocr_line' id='line_1_11' title="bbox 234 880 2376 951; baseline -0.004 -18"><span class='ocrx_word' id='word_1_113' title='bbox 234 887 620 951; x_wconf 67' lang='lat' dir='ltr'>Praeparat-tionis</span> <span class='ocrx_word' id='word_1_114' title='bbox 653 886 963 949; x_wconf 64' lang='lat' dir='ltr'>Evangelicae</span> <span class='ocrx_word' id='word_1_115' title='bbox 991 904 1091 949; x_wconf 30' lang='lat' dir='ltr'>&gt;capt</span> <span class='ocrx_word' id='word_1_116' title='bbox 1120 883 1192 930; x_wconf 76' lang='lat'>13.</span> <span class='ocrx_word' id='word_1_117' title='bbox 1214 921 1225 941; x_wconf 93' lang='lat'>,</span> <span class='ocrx_word' id='word_1_118' title='bbox 1255 896 1356 930; x_wconf 60' lang='lat' dir='ltr'>:tum</span> <span class='ocrx_word' id='word_1_119' title='bbox 1392 883 1490 931; x_wconf 85' lang='lat' dir='ltr'>Lib.</span> <span class='ocrx_word' id='word_1_120' title='bbox 1516 885 1606 931; x_wconf 78' lang='lat' dir='ltr'>XI.</span> <span class='ocrx_word' id='word_1_121' title='bbox 1645 901 1739 945; x_wconf 84' lang='lat' dir='ltr'>cap.</span> <span class='ocrx_word' id='word_1_122' title='bbox 1768 881 1870 938; x_wconf 60' lang='lat'>215„</span> <span class='ocrx_word' id='word_1_123' title='bbox 1907 893 1948 927; x_wconf 83' lang='lat' dir='ltr'>et</span> <span class='ocrx_word' id='word_1_124' title='bbox 1984 881 2038 927; x_wconf 88' lang='lat' dir='ltr'>ab</span> <span class='ocrx_word' id='word_1_125' title='bbox 2072 881 2162 927; x_wconf 82' lang='lat' dir='ltr'>al‘iis</span> <span class='ocrx_word' id='word_1_126' title='bbox 2198 880 2376 935; x_wconf 80' lang='lat' dir='ltr'>veteris⁷</span> 
     </span>
     <span class='ocr_line' id='line_1_12' title="bbox 243 945 2381 1015; baseline -0.003 -17"><span class='ocrx_word' id='word_1_127' title='bbox 243 971 291 999; x_wconf 78' lang='lat' dir='ltr'>ac</span> <span class='ocrx_word' id='word_1_128' title='bbox 327 953 583 1000; x_wconf 81' lang='lat' dir='ltr'>recentioris</span> <span class='ocrx_word' id='word_1_129' title='bbox 617 954 766 1000; x_wconf 83' lang='lat' dir='ltr'>aetatis</span> <span class='ocrx_word' id='word_1_130' title='bbox 788 951 1073 1015; x_wconf 79' lang='lat' dir='ltr'>scriptoribus</span> <span class='ocrx_word' id='word_1_131' title='bbox 1091 951 1224 999; x_wconf 88' lang='lat' dir='ltr'>Philo</span> <span class='ocrx_word' id='word_1_132' title='bbox 1259 951 1455 996; x_wconf 83' lang='lat' dir='ltr'>laudatus</span> <span class='ocrx_word' id='word_1_133' title='bbox 1480 962 1567 1005; x_wconf 82' lang='lat' dir='ltr'>est,</span> <span class='ocrx_word' id='word_1_134' title='bbox 1603 967 1652 995; x_wconf 84' lang='lat' dir='ltr'>ac</span> <span class='ocrx_word' id='word_1_135' title='bbox 1670 949 1855 996; x_wconf 79' lang='lat' dir='ltr'>Judaeis</span> <span class='ocrx_word' id='word_1_136' title='bbox 1891 948 2126 994; x_wconf 72' lang='lat' dir='ltr'>incredulis</span> <span class='ocrx_word' id='word_1_137' title='bbox 2149 945 2381 1009; x_wconf 69' lang='lat' dir='ltr'>objectus,</span> 
     </span>
     <span class='ocr_line' id='line_1_13' title="bbox 239 1012 2383 1083; baseline -0.004 -18"><span class='ocrx_word' id='word_1_138' title='bbox 239 1031 450 1083; x_wconf 89' lang='lat' dir='ltr'>tanquam</span> <span class='ocrx_word' id='word_1_139' title='bbox 486 1037 643 1076; x_wconf 79' lang='lat' dir='ltr'>verae,</span> <span class='ocrx_word' id='word_1_140' title='bbox 680 1037 729 1065; x_wconf 88' lang='lat' dir='ltr'>ac</span> <span class='ocrx_word' id='word_1_141' title='bbox 764 1019 883 1064; x_wconf 89' lang='lat' dir='ltr'>Patri</span> <span class='ocrx_word' id='word_1_142' title='bbox 918 1017 1293 1066; x_wconf 84' lang='lat' dir='ltr'>consubstantialis</span> <span class='ocrx_word' id='word_1_143' title='bbox 1329 1017 1494 1063; x_wconf 86' lang='lat' dir='ltr'>aeterni</span> <span class='ocrx_word' id='word_1_144' title='bbox 1528 1015 1673 1065; x_wconf 86' lang='lat' dir='ltr'>Verbi</span> <span class='ocrx_word' id='word_1_145' title='bbox 1711 1014 1944 1061; x_wconf 72' lang='lat' dir='ltr'>divinitatis</span> <span class='ocrx_word' id='word_1_146' title='bbox 1978 1026 2192 1060; x_wconf 80' lang='lat' dir='ltr'>assertor.</span> <span class='ocrx_word' id='word_1_147' title='bbox 2253 1012 2383 1058; x_wconf 79' lang='lat' dir='ltr'>Certe</span> 
     </span>
     <span class='ocr_line' id='line_1_14' title="bbox 235 1078 2385 1149; baseline -0.003 -19"><span class='ocrx_word' id='word_1_148' title='bbox 235 1085 383 1149; x_wconf 83' lang='lat' dir='ltr'>ipsum</span> <span class='ocrx_word' id='word_1_149' title='bbox 419 1085 629 1133; x_wconf 84' lang='lat' dir='ltr'>Verbum</span> <span class='ocrx_word' id='word_1_150' title='bbox 666 1085 804 1131; x_wconf 89' lang='lat' dir='ltr'>modo</span> <span class='ocrx_word' id='word_1_151' title='bbox 837 1097 961 1131; x_wconf 87' lang='lat' dir='ltr'>vocat</span> <span class='ocrx_word' id='word_1_152' title='bbox 996 1084 1297 1148; x_wconf 75' lang='lat' dir='ltr'>Angelorum</span> <span class='ocrx_word' id='word_1_153' title='bbox 1338 1083 1594 1146; x_wconf 74' lang='lat' dir='ltr'>principem</span> <span class='ocrx_word' id='word_1_154' title='bbox 1615 1119 1625 1136; x_wconf 84' lang='lat'>‚</span> <span class='ocrx_word' id='word_1_155' title='bbox 1683 1081 1758 1144; x_wconf 70' lang='lat' dir='ltr'>qui</span> <span class='ocrx_word' id='word_1_156' title='bbox 1794 1097 1886 1126; x_wconf 84' lang='lat' dir='ltr'>non</span> <span class='ocrx_word' id='word_1_157' title='bbox 1923 1081 2103 1144; x_wconf 86' lang='lat' dir='ltr'>quidem</span> <span class='ocrx_word' id='word_1_158' title='bbox 2153 1078 2385 1141; x_wconf 81' lang='lat' dir='ltr'>ingenitus</span> 
     </span>
     <span class='ocr_line' id='line_1_15' title="bbox 234 1146 2384 1212; baseline -0.004 -15"><span class='ocrx_word' id='word_1_159' title='bbox 234 1154 313 1208; x_wconf 77' lang='lat' dir='ltr'>sit,</span> <span class='ocrx_word' id='word_1_160' title='bbox 349 1164 395 1197; x_wconf 86' lang='lat' dir='ltr'>ut</span> <span class='ocrx_word' id='word_1_161' title='bbox 430 1152 583 1207; x_wconf 76' lang='lat' dir='ltr'>Pater,</span> <span class='ocrx_word' id='word_1_162' title='bbox 619 1170 701 1198; x_wconf 92' lang='lat' dir='ltr'>nec</span> <span class='ocrx_word' id='word_1_163' title='bbox 735 1163 882 1197; x_wconf 88' lang='lat' dir='ltr'>tamen</span> <span class='ocrx_word' id='word_1_164' title='bbox 906 1149 1101 1211; x_wconf 74' lang='lat' dir='ltr'>sactus,</span> <span class='ocrx_word' id='word_1_165' title='bbox 1135 1160 1188 1194; x_wconf 64' lang='lat' dir='ltr'>&#39;ut</span> <span class='ocrx_word' id='word_1_166' title='bbox 1223 1149 1429 1195; x_wconf 86' lang='lat' dir='ltr'>homines</span> <span class='ocrx_word' id='word_1_167' title='bbox 1463 1150 1485 1212; x_wconf 89' lang='lat'>(</span> <span class='ocrx_word' id='word_1_168' title='bbox 1520 1150 1564 1193; x_wconf 88' lang='lat' dir='ltr'>in</span> <span class='ocrx_word' id='word_1_169' title='bbox 1601 1147 1740 1195; x_wconf 80' lang='lat' dir='ltr'>Libro</span> <span class='ocrx_word' id='word_1_170' title='bbox 1781 1147 1898 1210; x_wconf 79' lang='lat' dir='ltr'>Quis</span> <span class='ocrx_word' id='word_1_171' title='bbox 1931 1163 2085 1191; x_wconf 87' lang='lat' dir='ltr'>rerum</span> <span class='ocrx_word' id='word_1_172' title='bbox 2122 1146 2384 1191; x_wconf 63' lang='lat' dir='ltr'>divinarum</span> 
     </span>
     <span class='ocr_line' id='line_1_16' title="bbox 235 1210 2382 1274; baseline -0.004 -11"><span class='ocrx_word' id='word_1_173' title='bbox 235 1217 420 1274; x_wconf 78' lang='lat' dir='ltr'>haeres,</span> <span class='ocrx_word' id='word_1_174' title='bbox 467 1229 568 1264; x_wconf 79' lang='lat' dir='ltr'>tum</span> <span class='ocrx_word' id='word_1_175' title='bbox 604 1218 649 1263; x_wconf 88' lang='lat' dir='ltr'>in</span> <span class='ocrx_word' id='word_1_176' title='bbox 686 1217 772 1263; x_wconf 87' lang='lat' dir='ltr'>alio</span> <span class='ocrx_word' id='word_1_177' title='bbox 807 1220 887 1262; x_wconf 82' lang='lat' dir='ltr'>De</span> <span class='ocrx_word' id='word_1_178' title='bbox 920 1218 1115 1262; x_wconf 77' lang='lat' dir='ltr'>somniis</span> <span class='ocrx_word' id='word_1_179' title='bbox 1147 1215 1368 1262; x_wconf 65' lang='lat' dir='ltr'>divinitus</span> <span class='ocrx_word' id='word_1_180' title='bbox 1400 1215 1620 1261; x_wconf 80' lang='lat' dir='ltr'>immissis</span> <span class='ocrx_word' id='word_1_181' title='bbox 1653 1213 1706 1273; x_wconf 89' lang='lat'>);</span> <span class='ocrx_word' id='word_1_182' title='bbox 1760 1211 1899 1257; x_wconf 85' lang='lat' dir='ltr'>modo</span> <span class='ocrx_word' id='word_1_183' title='bbox 1936 1212 2023 1257; x_wconf 77' lang='lat' dir='ltr'>Dei</span> <span class='ocrx_word' id='word_1_184' title='bbox 2061 1210 2350 1273; x_wconf 76' lang='lat' dir='ltr'><em>Sapientiam</em></span> <span class='ocrx_word' id='word_1_185' title='bbox 2372 1245 2382 1263; x_wconf 85' lang='lat'><strong>‚</strong></span> 
     </span>
     <span class='ocr_line' id='line_1_17' title="bbox 237 1274 2385 1346; baseline -0.005 -18"><span class='ocrx_word' id='word_1_186' title='bbox 237 1301 348 1346; x_wconf 81' lang='lat' dir='ltr'>quae</span> <span class='ocrx_word' id='word_1_187' title='bbox 383 1284 565 1345; x_wconf 81' lang='lat' dir='ltr'>gaudet,</span> <span class='ocrx_word' id='word_1_188' title='bbox 596 1283 916 1340; x_wconf 69' lang='lat' dir='ltr'>-deliciaturque</span> <span class='ocrx_word' id='word_1_189' title='bbox 950 1278 998 1323; x_wconf 89' lang='lat' dir='ltr'>in</span> <span class='ocrx_word' id='word_1_190' title='bbox 1036 1282 1135 1322; x_wconf 80' lang='lat' dir='ltr'>solo</span> <span class='ocrx_word' id='word_1_191' title='bbox 1176 1283 1322 1326; x_wconf 69' lang='lat' dir='ltr'>Patre</span> <span class='ocrx_word' id='word_1_192' title='bbox 1354 1298 1434 1326; x_wconf 81' lang='lat' dir='ltr'>suo</span> <span class='ocrx_word' id='word_1_193' title='bbox 1465 1282 1492 1342; x_wconf 88' lang='lat'><strong>(</strong></span> <span class='ocrx_word' id='word_1_194' title='bbox 1529 1278 1628 1325; x_wconf 87' lang='lat' dir='ltr'>Lib.</span> <span class='ocrx_word' id='word_1_195' title='bbox 1655 1280 1687 1322; x_wconf 90' lang='lat'>1.</span> <span class='ocrx_word' id='word_1_196' title='bbox 1724 1280 1804 1322; x_wconf 83' lang='lat' dir='ltr'>De</span> <span class='ocrx_word' id='word_1_197' title='bbox 1837 1278 1980 1336; x_wconf 85' lang='lat' dir='ltr'>Legis</span> <span class='ocrx_word' id='word_1_198' title='bbox 2012 1277 2205 1336; x_wconf 77' lang='lat' dir='ltr'>allegor.</span> <span class='ocrx_word' id='word_1_199' title='bbox 2240 1274 2298 1334; x_wconf 87' lang='lat'>)‚</span> <span class='ocrx_word' id='word_1_200' title='bbox 2343 1285 2385 1319; x_wconf 85' lang='lat' dir='ltr'>et</span> 
     </span>
     <span class='ocr_line' id='line_1_18' title="bbox 231 1339 2385 1411; baseline -0.006 -17"><span class='ocrx_word' id='word_1_201' title='bbox 231 1365 504 1411; x_wconf 80' lang='lat' dir='ltr'>germanam</span> <span class='ocrx_word' id='word_1_202' title='bbox 541 1345 817 1404; x_wconf 81' lang='lat' dir='ltr'>Deifiliam</span> <span class='ocrx_word' id='word_1_203' title='bbox 855 1344 877 1404; x_wconf 86' lang='lat'>(</span> <span class='ocrx_word' id='word_1_204' title='bbox 915 1343 957 1386; x_wconf 87' lang='lat' dir='ltr'>in</span> <span class='ocrx_word' id='word_1_205' title='bbox 995 1342 1097 1388; x_wconf 79' lang='lat' dir='ltr'>Lib.</span> <span class='ocrx_word' id='word_1_206' title='bbox 1134 1346 1215 1386; x_wconf 81' lang='lat' dir='ltr'>De</span> <span class='ocrx_word' id='word_1_207' title='bbox 1241 1346 1460 1401; x_wconf 74' lang='lat' dir='ltr'>profugis</span> <span class='ocrx_word' id='word_1_208' title='bbox 1493 1343 1544 1399; x_wconf 86' lang='grc'>).</span> <span class='ocrx_word' id='word_1_209' title='bbox 1593 1343 1752 1384; x_wconf 67' lang='lat' dir='ltr'>Fidem</span> <span class='ocrx_word' id='word_1_210' title='bbox 1790 1339 1952 1385; x_wconf 64' lang='lat' dir='ltr'>Verbo</span> <span class='ocrx_word' id='word_1_211' title='bbox 1990 1352 2031 1382; x_wconf 74' lang='lat' dir='ltr'>et</span> <span class='ocrx_word' id='word_1_212' title='bbox 2066 1340 2154 1384; x_wconf 86' lang='lat' dir='ltr'>Dei</span> <span class='ocrx_word' id='word_1_213' title='bbox 2191 1355 2385 1392; x_wconf 70' lang='lat' dir='ltr'>nomen,</span> 
     </span>
     <span class='ocr_line' id='line_1_19' title="bbox 239 1402 2392 1471; baseline -0.004 -14"><span class='ocrx_word' id='word_1_214' title='bbox 239 1425 280 1457; x_wconf 86' lang='lat' dir='ltr'>et</span> <span class='ocrx_word' id='word_1_215' title='bbox 318 1411 722 1464; x_wconf 77' lang='lat' dir='ltr'>immortalitatem,</span> <span class='ocrx_word' id='word_1_216' title='bbox 760 1407 1162 1471; x_wconf 63' lang='lat' dir='ltr'>omnipotentiam„</span> <span class='ocrx_word' id='word_1_217' title='bbox 1201 1403 1391 1468; x_wconf 83' lang='lat' dir='ltr'>aliasque</span> <span class='ocrx_word' id='word_1_218' title='bbox 1427 1420 1552 1449; x_wconf 80' lang='lat' dir='ltr'>verae</span> <span class='ocrx_word' id='word_1_219' title='bbox 1575 1402 1809 1448; x_wconf 77' lang='lat' dir='ltr'>divinitatis</span> <span class='ocrx_word' id='word_1_220' title='bbox 1845 1403 2134 1466; x_wconf 81' lang='lat' dir='ltr'>proprietates</span> <span class='ocrx_word' id='word_1_221' title='bbox 2170 1402 2392 1458; x_wconf 71' lang='lat' dir='ltr'>attribuit3</span> 
     </span>
     <span class='ocr_line' id='line_1_20' title="bbox 235 1467 2388 1541; baseline -0.005 -18"><span class='ocrx_word' id='word_1_222' title='bbox 235 1477 393 1541; x_wconf 79' lang='lat' dir='ltr'>quibus</span> <span class='ocrx_word' id='word_1_223' title='bbox 428 1477 665 1523; x_wconf 79' lang='lat' dir='ltr'>doctissimi</span> <span class='ocrx_word' id='word_1_224' title='bbox 702 1474 835 1536; x_wconf 83' lang='lat' dir='ltr'>hujus</span> <span class='ocrx_word' id='word_1_225' title='bbox 871 1473 1034 1521; x_wconf 60' lang='lat' dir='ltr'>{Iudaei</span> <span class='ocrx_word' id='word_1_226' title='bbox 1070 1469 1303 1536; x_wconf 78' lang='lat' dir='ltr'>phrasibus</span> <span class='ocrx_word' id='word_1_227' title='bbox 1340 1482 1460 1516; x_wconf 83' lang='lat' dir='ltr'>certo</span> <span class='ocrx_word' id='word_1_228' title='bbox 1497 1469 1655 1515; x_wconf 86' lang='lat' dir='ltr'>certius</span> <span class='ocrx_word' id='word_1_229' title='bbox 1686 1468 1894 1514; x_wconf 84' lang='lat' dir='ltr'>concludi</span> <span class='ocrx_word' id='word_1_230' title='bbox 1928 1468 2132 1526; x_wconf 73' lang='lat' dir='ltr'>videtur,</span> <span class='ocrx_word' id='word_1_231' title='bbox 2180 1467 2388 1519; x_wconf 84' lang='lat' dir='ltr'>Verbum</span> 
     </span>
     <span class='ocr_line' id='line_1_21' title="bbox 233 1535 2386 1605; baseline -0.004 -17"><span class='ocrx_word' id='word_1_232' title='bbox 233 1544 433 1605; x_wconf 76' lang='lat' dir='ltr'>ejusdem</span> <span class='ocrx_word' id='word_1_233' title='bbox 452 1560 542 1589; x_wconf 86' lang='lat' dir='ltr'>esse</span> <span class='ocrx_word' id='word_1_234' title='bbox 567 1541 811 1604; x_wconf 78' lang='lat' dir='ltr'>dignitatis,</span> <span class='ocrx_word' id='word_1_235' title='bbox 852 1540 1084 1595; x_wconf 84' lang='lat' dir='ltr'>essentiae,</span> <span class='ocrx_word' id='word_1_236' title='bbox 1123 1550 1252 1602; x_wconf 87' lang='lat' dir='ltr'>atque</span> <span class='ocrx_word' id='word_1_237' title='bbox 1272 1537 1506 1582; x_wconf 79' lang='lat' dir='ltr'>divinitatis</span> <span class='ocrx_word' id='word_1_238' title='bbox 1520 1554 1620 1581; x_wconf 90' lang='lat' dir='ltr'>cum</span> <span class='ocrx_word' id='word_1_239' title='bbox 1647 1547 1828 1582; x_wconf 85' lang='lat' dir='ltr'>aeterno</span> <span class='ocrx_word' id='word_1_240' title='bbox 1847 1536 2003 1589; x_wconf 76' lang='lat' dir='ltr'>Patre,</span> <span class='ocrx_word' id='word_1_241' title='bbox 2038 1536 2129 1582; x_wconf 87' lang='lat' dir='ltr'>sola</span> <span class='ocrx_word' id='word_1_242' title='bbox 2166 1535 2386 1597; x_wconf 78' lang='lat' dir='ltr'>personali</span> 
     </span>
     <span class='ocr_line' id='line_1_22' title="bbox 233 1601 2380 1673; baseline -0.004 -17"><span class='ocrx_word' id='word_1_243' title='bbox 233 1610 500 1673; x_wconf 84' lang='lat' dir='ltr'>proprietate</span> <span class='ocrx_word' id='word_1_244' title='bbox 535 1609 786 1655; x_wconf 84' lang='lat' dir='ltr'>distinctum</span> <span class='ocrx_word' id='word_1_245' title='bbox 809 1644 820 1662; x_wconf 88' lang='lat'>,</span> <span class='ocrx_word' id='word_1_246' title='bbox 855 1618 904 1652; x_wconf 85' lang='lat' dir='ltr'>ut</span> <span class='ocrx_word' id='word_1_247' title='bbox 940 1616 1094 1652; x_wconf 85' lang='lat' dir='ltr'>contra</span> <span class='ocrx_word' id='word_1_248' title='bbox 1130 1604 1408 1651; x_wconf 65' lang='lat' dir='ltr'>Asianorum</span> <span class='ocrx_word' id='word_1_249' title='bbox 1438 1601 1902 1667; x_wconf 76' lang='lat' dir='ltr'>-perfidiamSynodus</span> <span class='ocrx_word' id='word_1_250' title='bbox 1921 1601 2119 1647; x_wconf 86' lang='lat' dir='ltr'>Nicaena</span> <span class='ocrx_word' id='word_1_251' title='bbox 2156 1601 2380 1648; x_wconf 77' lang='lat' dir='ltr'>definivit.</span> 
     </span>
    </p>

    <p class='ocr_par' dir='ltr' id='par_1_3' title="bbox 236 1665 2397 2855">
     <span class='ocr_line' id='line_1_23' title="bbox 307 1665 2397 1732; baseline -0.004 -12"><span class='ocrx_word' id='word_1_252' title='bbox 307 1675 383 1722; x_wconf 80' lang='lat'>51.</span> <span class='ocrx_word' id='word_1_253' title='bbox 422 1675 735 1722; x_wconf 74' lang='lat' dir='ltr'>Multatamen</span> <span class='ocrx_word' id='word_1_254' title='bbox 774 1673 977 1725; x_wconf 79' lang='lat' dir='ltr'>obstant‚</span> <span class='ocrx_word' id='word_1_255' title='bbox 1015 1689 1071 1716; x_wconf 91' lang='lat' dir='ltr'>ne</span> <span class='ocrx_word' id='word_1_256' title='bbox 1092 1688 1276 1732; x_wconf 84' lang='lat' dir='ltr'>puram,</span> <span class='ocrx_word' id='word_1_257' title='bbox 1312 1680 1441 1732; x_wconf 82' lang='lat' dir='ltr'>atque</span> <span class='ocrx_word' id='word_1_258' title='bbox 1479 1670 1667 1714; x_wconf 84' lang='lat' dir='ltr'>omnino</span> <span class='ocrx_word' id='word_1_259' title='bbox 1708 1668 2012 1714; x_wconf 80' lang='lat' dir='ltr'>orthodoxam</span> <span class='ocrx_word' id='word_1_260' title='bbox 2035 1667 2266 1714; x_wconf 83' lang='lat' dir='ltr'>credamus</span> <span class='ocrx_word' id='word_1_261' title='bbox 2282 1665 2397 1713; x_wconf 73' lang='lat' dir='ltr'>Phi-.</span> 
     </span>
     <span class='ocr_line' id='line_1_24' title="bbox 236 1731 2382 1793; baseline -0.003 -9"><span class='ocrx_word' id='word_1_262' title='bbox 236 1739 350 1785; x_wconf 82' lang='lat' dir='ltr'>lonis</span> <span class='ocrx_word' id='word_1_263' title='bbox 380 1741 439 1784; x_wconf 83' lang='lat' dir='ltr'>de</span> <span class='ocrx_word' id='word_1_264' title='bbox 477 1741 638 1787; x_wconf 78' lang='lat' dir='ltr'>Verbo</span> <span class='ocrx_word' id='word_1_265' title='bbox 673 1738 822 1783; x_wconf 74' lang='lat' dir='ltr'>divino</span> <span class='ocrx_word' id='word_1_266' title='bbox 853 1737 1138 1781; x_wconf 81' lang='lat' dir='ltr'>doctr-inam.</span> <span class='ocrx_word' id='word_1_267' title='bbox 1195 1736 1351 1779; x_wconf 86' lang='lat' dir='ltr'>Primo</span> <span class='ocrx_word' id='word_1_268' title='bbox 1387 1734 1507 1778; x_wconf 87' lang='lat' dir='ltr'>enim</span> <span class='ocrx_word' id='word_1_269' title='bbox 1543 1733 1676 1793; x_wconf 78' lang='lat' dir='ltr'>objici</span> <span class='ocrx_word' id='word_1_270' title='bbox 1725 1735 1835 1777; x_wconf 81' lang='lat' dir='ltr'>solet</span> <span class='ocrx_word' id='word_1_271' title='bbox 1871 1734 1992 1778; x_wconf 84' lang='lat' dir='ltr'>locus</span> <span class='ocrx_word' id='word_1_272' title='bbox 2032 1734 2100 1777; x_wconf 83' lang='lat' dir='ltr'>ille</span> <span class='ocrx_word' id='word_1_273' title='bbox 2135 1752 2190 1777; x_wconf 80' lang='lat' dir='ltr'>ex</span> <span class='ocrx_word' id='word_1_274' title='bbox 2225 1731 2325 1778; x_wconf 89' lang='lat' dir='ltr'>Lib.</span> <span class='ocrx_word' id='word_1_275' title='bbox 2349 1733 2382 1778; x_wconf 90' lang='lat' dir='ltr'>I.</span> 
     </span>
     <span class='ocr_line' id='line_1_25' title="bbox 246 1796 2387 1868; baseline -0.004 -17"><span class='ocrx_word' id='word_1_276' title='bbox 246 1805 608 1868; x_wconf 73' lang='lat' dir='ltr'>Quaestionum,</span> <span class='ocrx_word' id='word_1_277' title='bbox 665 1820 719 1849; x_wconf 84' lang='lat' dir='ltr'>ac</span> <span class='ocrx_word' id='word_1_278' title='bbox 755 1803 1064 1854; x_wconf 73' lang='lat' dir='ltr'>solutionum,</span> <span class='ocrx_word' id='word_1_279' title='bbox 1124 1818 1256 1862; x_wconf 85' lang='lat' dir='ltr'>quem</span> <span class='ocrx_word' id='word_1_280' title='bbox 1294 1799 1424 1844; x_wconf 85' lang='lat' dir='ltr'>etiam</span> <span class='ocrx_word' id='word_1_281' title='bbox 1459 1796 1682 1843; x_wconf 81' lang='lat' dir='ltr'>Eusebius</span> <span class='ocrx_word' id='word_1_282' title='bbox 1735 1798 1848 1842; x_wconf 78' lang='lat' dir='ltr'>citat.</span> <span class='ocrx_word' id='word_1_283' title='bbox 1884 1797 1984 1842; x_wconf 69' lang='lat' dir='ltr'>Lib.</span> <span class='ocrx_word' id='word_1_284' title='bbox 2012 1799 2123 1847; x_wconf 72' lang='lat' dir='ltr'><strong>Vll.</strong></span> <span class='ocrx_word' id='word_1_285' title='bbox 2159 1801 2387 1859; x_wconf 84' lang='lat' dir='ltr'>Praepar.</span> 
     </span>
     <span class='ocr_line' id='line_1_26' title="bbox 239 1863 2384 1932; baseline -0.005 -15"><span class='ocrx_word' id='word_1_286' title='bbox 239 1873 421 1932; x_wconf 60' lang='lat' dir='ltr'>Evang.</span> <span class='ocrx_word' id='word_1_287' title='bbox 459 1887 495 1915; x_wconf 83' lang='lat' dir='ltr'>e.</span> <span class='ocrx_word' id='word_1_288' title='bbox 526 1872 626 1925; x_wconf 76' lang='lat'>13.‚</span> <span class='ocrx_word' id='word_1_289' title='bbox 661 1868 735 1914; x_wconf 85' lang='lat' dir='ltr'>ubi</span> <span class='ocrx_word' id='word_1_290' title='bbox 774 1867 980 1930; x_wconf 79' lang='lat' dir='ltr'>inquirit,</span> <span class='ocrx_word' id='word_1_291' title='bbox 1020 1883 1098 1911; x_wconf 87' lang='lat' dir='ltr'>cur</span> <span class='ocrx_word' id='word_1_292' title='bbox 1132 1865 1249 1928; x_wconf 84' lang='lat' dir='ltr'>apud</span> <span class='ocrx_word' id='word_1_293' title='bbox 1285 1864 1501 1928; x_wconf 71' lang='lat' dir='ltr'>Moysem</span> <span class='ocrx_word' id='word_1_294' title='bbox 1537 1864 1650 1909; x_wconf 85' lang='lat' dir='ltr'>dicat</span> <span class='ocrx_word' id='word_1_295' title='bbox 1688 1863 1836 1910; x_wconf 68' lang='lat' dir='ltr'>Deus:</span> <span class='ocrx_word' id='word_1_296' title='bbox 1872 1865 1934 1909; x_wconf 80' lang='lat' dir='ltr'>In</span> <span class='ocrx_word' id='word_1_297' title='bbox 1969 1864 2173 1928; x_wconf 75' lang='lat' dir='ltr'>imagine</span> <span class='ocrx_word' id='word_1_298' title='bbox 2192 1863 2384 1924; x_wconf 74' lang='lat' dir='ltr'>Deifi-</span> 
     </span>
     <span class='ocr_line' id='line_1_27' title="bbox 239 1930 2388 1994; baseline -0.003 -12"><span class='ocrx_word' id='word_1_299' title='bbox 239 1937 285 1982; x_wconf 84' lang='lat' dir='ltr'>ci</span> <span class='ocrx_word' id='word_1_300' title='bbox 315 1936 575 1991; x_wconf 77' lang='lat' dir='ltr'>hominem,</span> <span class='ocrx_word' id='word_1_301' title='bbox 610 1952 703 1981; x_wconf 78' lang='lat' dir='ltr'>non</span> <span class='ocrx_word' id='word_1_302' title='bbox 739 1942 890 1979; x_wconf 81' lang='lat' dir='ltr'>autem</span> <span class='ocrx_word' id='word_1_303' title='bbox 910 1934 957 1978; x_wconf 84' lang='lat' dir='ltr'>in</span> <span class='ocrx_word' id='word_1_304' title='bbox 995 1949 1077 1977; x_wconf 86' lang='lat' dir='ltr'>sua</span> <span class='ocrx_word' id='word_1_305' title='bbox 1094 1933 1118 1976; x_wconf 70' lang='lat' dir='ltr'><em>P</em></span> <span class='ocrx_word' id='word_1_306' title='bbox 1155 1930 1417 1994; x_wconf 87' lang='lat' dir='ltr'>Respondet</span> <span class='ocrx_word' id='word_1_307' title='bbox 1450 1947 1554 1976; x_wconf 86' lang='lat' dir='ltr'>vero</span> <span class='ocrx_word' id='word_1_308' title='bbox 1575 1967 1586 1986; x_wconf 88' lang='lat'>,</span> <span class='ocrx_word' id='word_1_309' title='bbox 1623 1930 1854 1977; x_wconf 83' lang='lat' dir='ltr'>hominem</span> <span class='ocrx_word' id='word_1_310' title='bbox 1894 1930 2058 1977; x_wconf 70' lang='lat' dir='ltr'>sat-tum</span> <span class='ocrx_word' id='word_1_311' title='bbox 2094 1948 2185 1977; x_wconf 83' lang='lat' dir='ltr'>esse</span> <span class='ocrx_word' id='word_1_312' title='bbox 2219 1946 2312 1974; x_wconf 87' lang='lat' dir='ltr'>non</span> <span class='ocrx_word' id='word_1_313' title='bbox 2334 1930 2388 1976; x_wconf 86' lang='lat' dir='ltr'>ad</span> 
     </span>
     <span class='ocr_line' id='line_1_28' title="bbox 238 1995 2385 2063; baseline -0.001 -17"><span class='ocrx_word' id='word_1_314' title='bbox 238 2002 480 2063; x_wconf 77' lang='lat' dir='ltr'>imaginem</span> <span class='ocrx_word' id='word_1_315' title='bbox 515 2002 676 2046; x_wconf 88' lang='lat' dir='ltr'>summi</span> <span class='ocrx_word' id='word_1_316' title='bbox 714 1999 823 2052; x_wconf 83' lang='lat' dir='ltr'>Dei,</span> <span class='ocrx_word' id='word_1_317' title='bbox 881 1998 957 2043; x_wconf 84' lang='lat' dir='ltr'>sed</span> <span class='ocrx_word' id='word_1_318' title='bbox 994 1998 1046 2042; x_wconf 90' lang='lat' dir='ltr'>ad</span> <span class='ocrx_word' id='word_1_319' title='bbox 1084 1997 1324 2058; x_wconf 83' lang='lat' dir='ltr'>imaginem</span> <span class='ocrx_word' id='word_1_320' title='bbox 1366 1995 1557 2042; x_wconf 73' lang='lat' dir='ltr'>secundi</span> <span class='ocrx_word' id='word_1_321' title='bbox 1587 1998 1713 2052; x_wconf 84' lang='lat' dir='ltr'>Dei,</span> <span class='ocrx_word' id='word_1_322' title='bbox 1772 1999 1856 2060; x_wconf 83' lang='lat' dir='ltr'>qui</span> <span class='ocrx_word' id='word_1_323' title='bbox 1887 2008 1956 2044; x_wconf 83' lang='lat' dir='ltr'>est</span> <span class='ocrx_word' id='word_1_324' title='bbox 2002 1997 2101 2060; x_wconf 83' lang='lat' dir='ltr'>ejus</span> <span class='ocrx_word' id='word_1_325' title='bbox 2141 1996 2346 2044; x_wconf 78' lang='lat' dir='ltr'>Verbum</span> <span class='ocrx_word' id='word_1_326' title='bbox 2371 2035 2385 2052; x_wconf 81' lang='grc'>,</span> 
     </span>
     <span class='ocr_line' id='line_1_29' title="bbox 239 2060 2387 2123; baseline -0.002 -11"><span class='ocrx_word' id='word_1_327' title='bbox 239 2085 313 2113; x_wconf 86' lang='lat' dir='ltr'>seu</span> <span class='ocrx_word' id='word_1_328' title='bbox 332 2067 453 2112; x_wconf 82' lang='lat' dir='ltr'>ratio</span> <span class='ocrx_word' id='word_1_329' title='bbox 473 2101 482 2110; x_wconf 92' lang='lat'>.</span> <span class='ocrx_word' id='word_1_330' title='bbox 521 2069 617 2112; x_wconf 80' lang='lat' dir='ltr'>Imo</span> <span class='ocrx_word' id='word_1_331' title='bbox 645 2066 728 2110; x_wconf 87' lang='lat' dir='ltr'>alio</span> <span class='ocrx_word' id='word_1_332' title='bbox 748 2064 928 2116; x_wconf 79' lang='lat' dir='ltr'>inloco,</span> <span class='ocrx_word' id='word_1_333' title='bbox 964 2063 1123 2107; x_wconf 86' lang='lat' dir='ltr'>scilicet</span> <span class='ocrx_word' id='word_1_334' title='bbox 1145 2062 1188 2106; x_wconf 87' lang='lat' dir='ltr'>in</span> <span class='ocrx_word' id='word_1_335' title='bbox 1215 2060 1355 2108; x_wconf 87' lang='lat' dir='ltr'>Libro</span> <span class='ocrx_word' id='word_1_336' title='bbox 1378 2065 1458 2107; x_wconf 83' lang='lat' dir='ltr'>De</span> <span class='ocrx_word' id='word_1_337' title='bbox 1493 2060 1674 2123; x_wconf 74' lang='lat' dir='ltr'>opificio</span> <span class='ocrx_word' id='word_1_338' title='bbox 1690 2064 1858 2108; x_wconf 85' lang='lat' dir='ltr'>mundi</span> <span class='ocrx_word' id='word_1_339' title='bbox 1875 2065 1992 2118; x_wconf 81' lang='lat' dir='ltr'>vult,</span> <span class='ocrx_word' id='word_1_340' title='bbox 2031 2082 2121 2109; x_wconf 84' lang='lat' dir='ltr'>non</span> <span class='ocrx_word' id='word_1_341' title='bbox 2153 2062 2387 2108; x_wconf 84' lang='lat' dir='ltr'>hominem</span> 
     </span>
     <span class='ocr_line' id='line_1_30' title="bbox 238 2127 2388 2192; baseline -0.001 -14"><span class='ocrx_word' id='word_1_342' title='bbox 238 2133 405 2188; x_wconf 85' lang='lat' dir='ltr'>solum,</span> <span class='ocrx_word' id='word_1_343' title='bbox 439 2132 514 2177; x_wconf 88' lang='lat' dir='ltr'>sed</span> <span class='ocrx_word' id='word_1_344' title='bbox 550 2143 695 2177; x_wconf 83' lang='lat' dir='ltr'>totum</span> <span class='ocrx_word' id='word_1_345' title='bbox 731 2129 858 2192; x_wconf 81' lang='lat' dir='ltr'>plane</span> <span class='ocrx_word' id='word_1_346' title='bbox 893 2128 1166 2174; x_wconf 79' lang='lat' dir='ltr'>Universum</span> <span class='ocrx_word' id='word_1_347' title='bbox 1205 2127 1368 2173; x_wconf 82' lang='lat' dir='ltr'>factum</span> <span class='ocrx_word' id='word_1_348' title='bbox 1404 2144 1496 2172; x_wconf 89' lang='lat' dir='ltr'>esse</span> <span class='ocrx_word' id='word_1_349' title='bbox 1534 2129 1586 2174; x_wconf 87' lang='lat' dir='ltr'>ad</span> <span class='ocrx_word' id='word_1_350' title='bbox 1624 2130 1865 2189; x_wconf 78' lang='lat' dir='ltr'>imaginem</span> <span class='ocrx_word' id='word_1_351' title='bbox 1901 2131 2001 2174; x_wconf 84' lang='lat' dir='ltr'>Dei</span> <span class='ocrx_word' id='word_1_352' title='bbox 2031 2129 2246 2174; x_wconf 73' lang='lat' dir='ltr'>secundi,</span> <span class='ocrx_word' id='word_1_353' title='bbox 2284 2130 2388 2175; x_wconf 84' lang='lat' dir='ltr'>Hoc</span> 
     </span>
     <span class='ocr_line' id='line_1_31' title="bbox 243 2193 2387 2259; baseline -0.001 -17"><span class='ocrx_word' id='word_1_354' title='bbox 243 2211 387 2244; x_wconf 75' lang='lat' dir='ltr'>autem</span> <span class='ocrx_word' id='word_1_355' title='bbox 425 2198 613 2259; x_wconf 67' lang='lat' dir='ltr'>explieat</span> <span class='ocrx_word' id='word_1_356' title='bbox 649 2195 781 2244; x_wconf 71' lang='lat' dir='ltr'>Philo</span> <span class='ocrx_word' id='word_1_357' title='bbox 818 2195 1026 2257; x_wconf 72' lang='lat' dir='ltr'>exemplo</span> <span class='ocrx_word' id='word_1_358' title='bbox 1052 2194 1330 2249; x_wconf 80' lang='lat' dir='ltr'>Architecti,</span> <span class='ocrx_word' id='word_1_359' title='bbox 1367 2194 1440 2256; x_wconf 89' lang='lat' dir='ltr'>qui</span> <span class='ocrx_word' id='word_1_360' title='bbox 1478 2195 1629 2241; x_wconf 87' lang='lat' dir='ltr'>volens</span> <span class='ocrx_word' id='word_1_361' title='bbox 1664 2193 1894 2239; x_wconf 79' lang='lat' dir='ltr'>aedificare</span> <span class='ocrx_word' id='word_1_362' title='bbox 1919 2194 2153 2248; x_wconf 77' lang='lat' dir='ltr'>civi-tatem,</span> <span class='ocrx_word' id='word_1_363' title='bbox 2180 2195 2387 2257; x_wconf 83' lang='lat' dir='ltr'>primum</span> 
     </span>
     <span class='ocr_line' id='line_1_32' title="bbox 241 2259 2386 2326; baseline -0.001 -17"><span class='ocrx_word' id='word_1_364' title='bbox 241 2266 366 2310; x_wconf 79' lang='lat' dir='ltr'>intra</span> <span class='ocrx_word' id='word_1_365' title='bbox 383 2264 577 2326; x_wconf 79' lang='lat' dir='ltr'>seipsum</span> <span class='ocrx_word' id='word_1_366' title='bbox 594 2272 754 2326; x_wconf 86' lang='lat' dir='ltr'>parles</span> <span class='ocrx_word' id='word_1_367' title='bbox 765 2261 964 2322; x_wconf 72' lang='lat' dir='ltr'>ficturae</span> <span class='ocrx_word' id='word_1_368' title='bbox 988 2259 1127 2306; x_wconf 80' lang='lat' dir='ltr'>Urbis</span> <span class='ocrx_word' id='word_1_369' title='bbox 1141 2261 1476 2322; x_wconf 74' lang='lat' dir='ltr'>propemodum</span> <span class='ocrx_word' id='word_1_370' title='bbox 1509 2277 1666 2307; x_wconf 83' lang='lat' dir='ltr'>omnes</span> <span class='ocrx_word' id='word_1_371' title='bbox 1695 2259 1924 2314; x_wconf 73' lang='lat' dir='ltr'>delineat,</span> <span class='ocrx_word' id='word_1_372' title='bbox 1964 2261 2158 2321; x_wconf 75' lang='lat' dir='ltr'>templa,</span> <span class='ocrx_word' id='word_1_373' title='bbox 2194 2278 2386 2324; x_wconf 76' lang='lat' dir='ltr'>gymna-</span> 
     </span>
     <span class='ocr_line' id='line_1_33' title="bbox 239 2325 2387 2390; baseline -0.001 -14"><span class='ocrx_word' id='word_1_374' title='bbox 239 2331 332 2385; x_wconf 86' lang='lat' dir='ltr'>sia,</span> <span class='ocrx_word' id='word_1_375' title='bbox 369 2330 550 2385; x_wconf 80' lang='lat' dir='ltr'>curias,</span> <span class='ocrx_word' id='word_1_376' title='bbox 587 2330 721 2386; x_wconf 79' lang='lat' dir='ltr'>sora,</span> <span class='ocrx_word' id='word_1_377' title='bbox 766 2327 1007 2386; x_wconf 82' lang='lat' dir='ltr'>porticus,</span> <span class='ocrx_word' id='word_1_378' title='bbox 1067 2325 1277 2380; x_wconf 59' lang='lat' dir='ltr'>navalia,</span> <span class='ocrx_word' id='word_1_379' title='bbox 1318 2326 1436 2381; x_wconf 67' lang='lat' dir='ltr'>eins,</span> <span class='ocrx_word' id='word_1_380' title='bbox 1473 2327 1864 2390; x_wconf 68' lang='lat' dir='ltr'>angiportusque,</span> <span class='ocrx_word' id='word_1_381' title='bbox 1902 2342 2138 2371; x_wconf 79' lang='lat' dir='ltr'>marorum</span> <span class='ocrx_word' id='word_1_382' title='bbox 2178 2337 2387 2374; x_wconf 83' lang='lat' dir='ltr'>constru-</span> 
     </span>
     <span class='ocr_line' id='line_1_34' title="bbox 239 2392 2387 2456; baseline -0.002 -14"><span class='ocrx_word' id='word_1_383' title='bbox 239 2397 437 2451; x_wconf 79' lang='lat' dir='ltr'>ctiones,</span> <span class='ocrx_word' id='word_1_384' title='bbox 475 2395 794 2456; x_wconf 73' lang='lat' dir='ltr'>aedificiorum</span> <span class='ocrx_word' id='word_1_385' title='bbox 832 2404 928 2439; x_wconf 83' lang='lat' dir='ltr'>tam</span> <span class='ocrx_word' id='word_1_386' title='bbox 957 2392 1246 2455; x_wconf 65' lang='lat' dir='ltr'>privatorum</span> <span class='ocrx_word' id='word_1_387' title='bbox 1273 2429 1284 2446; x_wconf 88' lang='lat'>‚</span> <span class='ocrx_word' id='word_1_388' title='bbox 1323 2409 1460 2455; x_wconf 80' lang='lat' dir='ltr'>quam</span> <span class='ocrx_word' id='word_1_389' title='bbox 1491 2392 1781 2455; x_wconf 80' lang='lat' dir='ltr'>publicorum</span> <span class='ocrx_word' id='word_1_390' title='bbox 1801 2411 1815 2438; x_wconf 77' lang='lat'>.-</span> <span class='ocrx_word' id='word_1_391' title='bbox 1851 2392 2020 2438; x_wconf 84' lang='lat' dir='ltr'>deinde</span> <span class='ocrx_word' id='word_1_392' title='bbox 2052 2393 2284 2455; x_wconf 79' lang='lat' dir='ltr'>impressis</span> <span class='ocrx_word' id='word_1_393' title='bbox 2315 2410 2387 2438; x_wconf 62' lang='lat' dir='ltr'>ee-</span> 
     </span>
     <span class='ocr_line' id='line_1_35' title="bbox 240 2456 2383 2521; baseline -0.002 -13"><span class='ocrx_word' id='word_1_394' title='bbox 240 2463 309 2508; x_wconf 84' lang='lat' dir='ltr'>lut</span> <span class='ocrx_word' id='word_1_395' title='bbox 343 2463 390 2508; x_wconf 85' lang='lat' dir='ltr'>in</span> <span class='ocrx_word' id='word_1_396' title='bbox 426 2478 557 2519; x_wconf 71' lang='lat' dir='ltr'>cera,</span> <span class='ocrx_word' id='word_1_397' title='bbox 596 2463 645 2508; x_wconf 82' lang='lat' dir='ltr'>in</span> <span class='ocrx_word' id='word_1_398' title='bbox 679 2462 837 2506; x_wconf 83' lang='lat' dir='ltr'>animo</span> <span class='ocrx_word' id='word_1_399' title='bbox 874 2475 955 2505; x_wconf 87' lang='lat' dir='ltr'>suo</span> <span class='ocrx_word' id='word_1_400' title='bbox 979 2459 1268 2520; x_wconf 85' lang='lat' dir='ltr'>singularum</span> <span class='ocrx_word' id='word_1_401' title='bbox 1306 2474 1459 2504; x_wconf 83' lang='lat' dir='ltr'>rerum</span> <span class='ocrx_word' id='word_1_402' title='bbox 1485 2457 1765 2521; x_wconf 75' lang='lat' dir='ltr'>imaginibus</span> <span class='ocrx_word' id='word_1_403' title='bbox 1783 2495 1794 2513; x_wconf 88' lang='lat'><em>,</em></span> <span class='ocrx_word' id='word_1_404' title='bbox 1832 2456 2021 2520; x_wconf 75' lang='lat' dir='ltr'>effingit</span> <span class='ocrx_word' id='word_1_405' title='bbox 2054 2457 2208 2504; x_wconf 80' lang='lat' dir='ltr'>urbem</span> <span class='ocrx_word' id='word_1_406' title='bbox 2245 2459 2383 2504; x_wconf 82' lang='lat' dir='ltr'>intel-</span> 
     </span>
     <span class='ocr_line' id='line_1_36' title="bbox 240 2524 2391 2591; baseline -0.002 -18"><span class='ocrx_word' id='word_1_407' title='bbox 240 2528 460 2591; x_wconf 72' lang='lat' dir='ltr'>ligibilem</span> <span class='ocrx_word' id='word_1_408' title='bbox 483 2539 566 2574; x_wconf 83' lang='lat' dir='ltr'>etc.</span> <span class='ocrx_word' id='word_1_409' title='bbox 588 2546 600 2581; x_wconf 92' lang='lat'>,·</span> <span class='ocrx_word' id='word_1_410' title='bbox 639 2545 687 2572; x_wconf 88' lang='lat' dir='ltr'>ac</span> <span class='ocrx_word' id='word_1_411' title='bbox 706 2538 858 2590; x_wconf 83' lang='lat' dir='ltr'>postea</span> <span class='ocrx_word' id='word_1_412' title='bbox 883 2524 1104 2570; x_wconf 80' lang='lat' dir='ltr'>concludit</span> <span class='ocrx_word' id='word_1_413' title='bbox 1125 2561 1136 2580; x_wconf 82' lang='lat'>,</span> <span class='ocrx_word' id='word_1_414' title='bbox 1173 2524 1332 2569; x_wconf 85' lang='lat' dir='ltr'>eodem</span> <span class='ocrx_word' id='word_1_415' title='bbox 1359 2524 1496 2571; x_wconf 74' lang='lat' dir='ltr'>ferme</span> <span class='ocrx_word' id='word_1_416' title='bbox 1533 2524 1672 2570; x_wconf 86' lang='lat' dir='ltr'>modo</span> <span class='ocrx_word' id='word_1_417' title='bbox 1693 2524 1747 2570; x_wconf 84' lang='lat' dir='ltr'>de</span> <span class='ocrx_word' id='word_1_418' title='bbox 1771 2524 1873 2572; x_wconf 87' lang='lat' dir='ltr'>Deo</span> <span class='ocrx_word' id='word_1_419' title='bbox 1907 2524 2215 2578; x_wconf 77' lang='lat' dir='ltr'>sentiendum,</span> <span class='ocrx_word' id='word_1_420' title='bbox 2251 2541 2391 2586; x_wconf 86' lang='lat' dir='ltr'>quan-</span> 
     </span>
     <span class='ocr_line' id='line_1_37' title="bbox 241 2590 2389 2655; baseline -0.001 -16"><span class='ocrx_word' id='word_1_421' title='bbox 241 2594 299 2638; x_wconf 82' lang='lat' dir='ltr'>do</span> <span class='ocrx_word' id='word_1_422' title='bbox 334 2610 550 2654; x_wconf 75' lang='lat' dir='ltr'>magnam</span> <span class='ocrx_word' id='word_1_423' title='bbox 589 2593 704 2639; x_wconf 73' lang='lat' dir='ltr'>hat-ic</span> <span class='ocrx_word' id='word_1_424' title='bbox 739 2592 897 2637; x_wconf 85' lang='lat' dir='ltr'>urbem</span> <span class='ocrx_word' id='word_1_425' title='bbox 933 2591 1125 2636; x_wconf 81' lang='lat' dir='ltr'>condere</span> <span class='ocrx_word' id='word_1_426' title='bbox 1161 2590 1380 2646; x_wconf 78' lang='lat' dir='ltr'>decrevit,</span> <span class='ocrx_word' id='word_1_427' title='bbox 1419 2592 1649 2655; x_wconf 80' lang='lat' dir='ltr'>inquiens:</span> <span class='ocrx_word' id='word_1_428' title='bbox 1690 2591 2089 2654; x_wconf 73' lang='lat' dir='ltr'>Quemadmodum</span> <span class='ocrx_word' id='word_1_429' title='bbox 2127 2591 2270 2652; x_wconf 85' lang='lat' dir='ltr'>igitur</span> <span class='ocrx_word' id='word_1_430' title='bbox 2305 2591 2389 2636; x_wconf 83' lang='lat' dir='ltr'>illa</span> 
     </span>
     <span class='ocr_line' id='line_1_38' title="bbox 244 2656 2391 2723; baseline -0.002 -19"><span class='ocrx_word' id='word_1_431' title='bbox 244 2660 290 2704; x_wconf 73' lang='lat' dir='ltr'>in</span> <span class='ocrx_word' id='word_1_432' title='bbox 326 2660 577 2706; x_wconf 76' lang='lat' dir='ltr'>architecto</span> <span class='ocrx_word' id='word_1_433' title='bbox 608 2660 912 2723; x_wconf 69' lang='lat' dir='ltr'>praesignata</span> <span class='ocrx_word' id='word_1_434' title='bbox 948 2657 1055 2702; x_wconf 79' lang='lat' dir='ltr'>urbs</span> <span class='ocrx_word' id='word_1_435' title='bbox 1088 2657 1236 2703; x_wconf 83' lang='lat' dir='ltr'>locum</span> <span class='ocrx_word' id='word_1_436' title='bbox 1273 2666 1408 2702; x_wconf 73' lang='lat' dir='ltr'>extra</span> <span class='ocrx_word' id='word_1_437' title='bbox 1456 2657 1635 2703; x_wconf 65' lang='lat' dir='ltr'>nullum</span> <span class='ocrx_word' id='word_1_438' title='bbox 1674 2656 1862 2712; x_wconf 76' lang='lat' dir='ltr'>babuit,</span> <span class='ocrx_word' id='word_1_439' title='bbox 1916 2656 1998 2702; x_wconf 80' lang='lat' dir='ltr'>sed</span> <span class='ocrx_word' id='word_1_440' title='bbox 2031 2658 2254 2720; x_wconf 84' lang='lat' dir='ltr'>impressa</span> <span class='ocrx_word' id='word_1_441' title='bbox 2291 2665 2391 2700; x_wconf 74' lang='lat' dir='ltr'>erat</span> 
     </span>
     <span class='ocr_line' id='line_1_39' title="bbox 242 2719 2386 2786; baseline -0.002 -17"><span class='ocrx_word' id='word_1_442' title='bbox 242 2724 438 2785; x_wconf 72' lang='lat' dir='ltr'>artfficis</span> <span class='ocrx_word' id='word_1_443' title='bbox 471 2727 665 2779; x_wconf 85' lang='lat' dir='ltr'>animo,·</span> <span class='ocrx_word' id='word_1_444' title='bbox 702 2726 771 2770; x_wconf 86' lang='lat' dir='ltr'>ita</span> <span class='ocrx_word' id='word_1_445' title='bbox 807 2741 888 2770; x_wconf 84' lang='lat' dir='ltr'>nec</span> <span class='ocrx_word' id='word_1_446' title='bbox 923 2724 1002 2768; x_wconf 87' lang='lat' dir='ltr'>ille</span> <span class='ocrx_word' id='word_1_447' title='bbox 1035 2740 1094 2770; x_wconf 77' lang='lat' dir='ltr'>ex</span> <span class='ocrx_word' id='word_1_448' title='bbox 1129 2724 1244 2769; x_wconf 82' lang='lat' dir='ltr'>ideis</span> <span class='ocrx_word' id='word_1_449' title='bbox 1277 2723 1477 2769; x_wconf 81' lang='lat' dir='ltr'>mundus</span> <span class='ocrx_word' id='word_1_450' title='bbox 1500 2724 1651 2769; x_wconf 82' lang='lat' dir='ltr'>locum</span> <span class='ocrx_word' id='word_1_451' title='bbox 1687 2723 1833 2769; x_wconf 80' lang='lat' dir='ltr'>alium</span> <span class='ocrx_word' id='word_1_452' title='bbox 1870 2721 2059 2778; x_wconf 69' lang='lat' dir='ltr'>habuit,</span> <span class='ocrx_word' id='word_1_453' title='bbox 2098 2739 2236 2786; x_wconf 81' lang='lat' dir='ltr'>quam</span> <span class='ocrx_word' id='word_1_454' title='bbox 2269 2719 2386 2765; x_wconf 69' lang='lat' dir='ltr'>divi-</span> 
     </span>
     <span class='ocr_line' id='line_1_40' title="bbox 242 2788 1444 2855; baseline -0.001 -20"><span class='ocrx_word' id='word_1_455' title='bbox 242 2808 350 2837; x_wconf 83' lang='lat' dir='ltr'>num</span> <span class='ocrx_word' id='word_1_456' title='bbox 393 2790 597 2839; x_wconf 84' lang='lat' dir='ltr'>Verbum</span> <span class='ocrx_word' id='word_1_457' title='bbox 618 2830 629 2848; x_wconf 87' lang='lat'><strong><em>,</em></strong></span> <span class='ocrx_word' id='word_1_458' title='bbox 664 2793 797 2855; x_wconf 76' lang='lat' dir='ltr'>quod</span> <span class='ocrx_word' id='word_1_459' title='bbox 825 2790 1073 2836; x_wconf 69' lang='lat' dir='ltr'>adornavit</span> <span class='ocrx_word' id='word_1_460' title='bbox 1107 2788 1221 2835; x_wconf 72' lang='lat' dir='ltr'>haec</span> <span class='ocrx_word' id='word_1_461' title='bbox 1255 2790 1444 2835; x_wconf 85' lang='lat' dir='ltr'>omnia.</span> 
     </span>
    </p>

    <p class='ocr_par' dir='ltr' id='par_1_4' title="bbox 244 2850 2390 3379">
     <span class='ocr_line' id='line_1_41' title="bbox 311 2850 2386 2921; baseline -0.002 -19"><span class='ocrx_word' id='word_1_462' title='bbox 311 2857 386 2903; x_wconf 83' lang='lat'>52.</span> <span class='ocrx_word' id='word_1_463' title='bbox 424 2858 482 2904; x_wconf 92' lang='lat' dir='ltr'>Et</span> <span class='ocrx_word' id='word_1_464' title='bbox 518 2856 732 2920; x_wconf 86' lang='lat' dir='ltr'>aliquibus</span> <span class='ocrx_word' id='word_1_465' title='bbox 771 2857 1010 2917; x_wconf 86' lang='lat' dir='ltr'>interjectis</span> <span class='ocrx_word' id='word_1_466' title='bbox 1046 2857 1101 2900; x_wconf 67' lang='lat' dir='ltr'>ita</span> <span class='ocrx_word' id='word_1_467' title='bbox 1139 2856 1321 2901; x_wconf 89' lang='lat' dir='ltr'>demum</span> <span class='ocrx_word' id='word_1_468' title='bbox 1359 2855 1535 2901; x_wconf 86' lang='lat' dir='ltr'>subdit:</span> <span class='ocrx_word' id='word_1_469' title='bbox 1574 2855 1779 2921; x_wconf 73' lang='lat' dir='ltr'>Quodsi</span> <span class='ocrx_word' id='word_1_470' title='bbox 1810 2858 1886 2903; x_wconf 83' lang='lat' dir='ltr'>cui</span> <span class='ocrx_word' id='word_1_471' title='bbox 1913 2857 2048 2903; x_wconf 83' lang='lat' dir='ltr'>liceat</span> <span class='ocrx_word' id='word_1_472' title='bbox 2081 2850 2386 2916; x_wconf 79' lang='lat' dir='ltr'>apertioribus</span> 
     </span>
     <span class='ocr_line' id='line_1_42' title="bbox 244 2918 2381 2986; baseline -0.001 -21"><span class='ocrx_word' id='word_1_473' title='bbox 244 2925 316 2967; x_wconf 83' lang='lat' dir='ltr'>uti</span> <span class='ocrx_word' id='word_1_474' title='bbox 345 2923 599 2979; x_wconf 62' lang='lat' dir='ltr'>vocabulis,</span> <span class='ocrx_word' id='word_1_475' title='bbox 656 2922 781 2969; x_wconf 75' lang='lat' dir='ltr'>nihil</span> <span class='ocrx_word' id='word_1_476' title='bbox 814 2923 949 2968; x_wconf 68' lang='lat' dir='ltr'>eliud</span> <span class='ocrx_word' id='word_1_477' title='bbox 982 2923 1157 2968; x_wconf 69' lang='lat' dir='ltr'>dixerit</span> <span class='ocrx_word' id='word_1_478' title='bbox 1191 2939 1286 2968; x_wconf 88' lang='lat' dir='ltr'>esse</span> <span class='ocrx_word' id='word_1_479' title='bbox 1320 2922 1539 2967; x_wconf 80' lang='lat' dir='ltr'>mundum</span> <span class='ocrx_word' id='word_1_480' title='bbox 1577 2923 1937 2986; x_wconf 76' lang='lat' dir='ltr'>intellzgzbilem‚</span> <span class='ocrx_word' id='word_1_481' title='bbox 1995 2937 2132 2984; x_wconf 78' lang='lat' dir='ltr'>quam</span> <span class='ocrx_word' id='word_1_482' title='bbox 2174 2918 2381 2966; x_wconf 79' lang='lat' dir='ltr'>Verbum</span> 
     </span>
     <span class='ocr_line' id='line_1_43' title="bbox 246 2986 2384 3051; baseline -0.002 -20"><span class='ocrx_word' id='word_1_483' title='bbox 246 2989 366 3042; x_wconf 85' lang='lat' dir='ltr'>Dei,</span> <span class='ocrx_word' id='word_1_484' title='bbox 405 2991 628 3035; x_wconf 85' lang='lat' dir='ltr'>mundum</span> <span class='ocrx_word' id='word_1_485' title='bbox 643 2988 746 3051; x_wconf 83' lang='lat' dir='ltr'>jam</span> <span class='ocrx_word' id='word_1_486' title='bbox 768 2988 1037 3034; x_wconf 72' lang='lat' dir='ltr'>condentis.</span> <span class='ocrx_word' id='word_1_487' title='bbox 1074 2990 1172 3035; x_wconf 78' lang='lat' dir='ltr'>Nec</span> <span class='ocrx_word' id='word_1_488' title='bbox 1206 2990 1326 3034; x_wconf 81' lang='lat' dir='ltr'>enim</span> <span class='ocrx_word' id='word_1_489' title='bbox 1346 2987 1651 3050; x_wconf 65' lang='lat' dir='ltr'>intelligibilis</span> <span class='ocrx_word' id='word_1_490' title='bbox 1675 2990 1781 3035; x_wconf 83' lang='lat' dir='ltr'>urbs</span> <span class='ocrx_word' id='word_1_491' title='bbox 1802 2989 1935 3034; x_wconf 74' lang='lat' dir='ltr'>aliud</span> <span class='ocrx_word' id='word_1_492' title='bbox 1967 2986 2080 3048; x_wconf 79' lang='lat' dir='ltr'>quid</span> <span class='ocrx_word' id='word_1_493' title='bbox 2109 2995 2203 3039; x_wconf 84' lang='lat' dir='ltr'>est,</span> <span class='ocrx_word' id='word_1_494' title='bbox 2243 3001 2384 3047; x_wconf 76' lang='lat' dir='ltr'>quam</span> 
     </span>
     <span class='ocr_line' id='line_1_44' title="bbox 247 3051 2390 3115; baseline -0 -20"><span class='ocrx_word' id='word_1_495' title='bbox 247 3052 330 3096; x_wconf 88' lang='lat' dir='ltr'>illa</span> <span class='ocrx_word' id='word_1_496' title='bbox 366 3055 607 3102; x_wconf 76' lang='lat' dir='ltr'>architecti</span> <span class='ocrx_word' id='word_1_497' title='bbox 655 3055 952 3100; x_wconf 78' lang='lat' dir='ltr'>ratiocinatio</span> <span class='ocrx_word' id='word_1_498' title='bbox 989 3055 1262 3115; x_wconf 71' lang='lat' dir='ltr'>cogitantis,</span> <span class='ocrx_word' id='word_1_499' title='bbox 1320 3052 1422 3114; x_wconf 77' lang='lat' dir='ltr'>jam</span> <span class='ocrx_word' id='word_1_500' title='bbox 1474 3053 1627 3099; x_wconf 84' lang='lat' dir='ltr'>urbem</span> <span class='ocrx_word' id='word_1_501' title='bbox 1664 3065 1814 3101; x_wconf 85' lang='lat' dir='ltr'>mente</span> <span class='ocrx_word' id='word_1_502' title='bbox 1864 3062 2124 3113; x_wconf 72' lang='lat' dir='ltr'>conceptam</span> <span class='ocrx_word' id='word_1_503' title='bbox 2162 3051 2358 3096; x_wconf 87' lang='lat' dir='ltr'>condere</span> <span class='ocrx_word' id='word_1_504' title='bbox 2381 3084 2390 3094; x_wconf 89' lang='lat'>.</span> 
     </span>
     <span class='ocr_line' id='line_1_45' title="bbox 246 3116 2388 3183; baseline 0 -23"><span class='ocrx_word' id='word_1_505' title='bbox 246 3116 372 3179; x_wconf 78' lang='lat' dir='ltr'>Quae</span> <span class='ocrx_word' id='word_1_506' title='bbox 410 3122 558 3165; x_wconf 84' lang='lat' dir='ltr'>omnia</span> <span class='ocrx_word' id='word_1_507' title='bbox 593 3121 890 3183; x_wconf 81' lang='lat' dir='ltr'>suspicionem</span> <span class='ocrx_word' id='word_1_508' title='bbox 929 3120 1221 3175; x_wconf 75' lang='lat' dir='ltr'>confirmant⁷</span> <span class='ocrx_word' id='word_1_509' title='bbox 1280 3118 1491 3169; x_wconf 83' lang='lat' dir='ltr'>Verbum</span> <span class='ocrx_word' id='word_1_510' title='bbox 1527 3120 1613 3166; x_wconf 87' lang='lat' dir='ltr'>Dei</span> <span class='ocrx_word' id='word_1_511' title='bbox 1667 3139 1688 3165; x_wconf 87' lang='lat' dir='ltr'>a</span> <span class='ocrx_word' id='word_1_512' title='bbox 1725 3119 1913 3166; x_wconf 84' lang='lat' dir='ltr'>Philone</span> <span class='ocrx_word' id='word_1_513' title='bbox 1963 3118 2259 3179; x_wconf 69' lang='lat' dir='ltr'>praedicatum</span> <span class='ocrx_word' id='word_1_514' title='bbox 2296 3132 2388 3160; x_wconf 84' lang='lat' dir='ltr'>non</span> 
     </span>
     <span class='ocr_line' id='line_1_46' title="bbox 247 3182 2389 3253; baseline -0 -26"><span class='ocrx_word' id='word_1_515' title='bbox 247 3199 339 3227; x_wconf 83' lang='lat' dir='ltr'>esse</span> <span class='ocrx_word' id='word_1_516' title='bbox 374 3183 616 3230; x_wconf 79' lang='lat' dir='ltr'>Personam</span> <span class='ocrx_word' id='word_1_517' title='bbox 654 3188 878 3253; x_wconf 55' lang='lat' dir='ltr'>divinam,</span> <span class='ocrx_word' id='word_1_518' title='bbox 914 3187 991 3231; x_wconf 86' lang='lat' dir='ltr'>sed</span> <span class='ocrx_word' id='word_1_519' title='bbox 1029 3186 1284 3231; x_wconf 79' lang='lat' dir='ltr'>attributum</span> <span class='ocrx_word' id='word_1_520' title='bbox 1321 3184 1407 3231; x_wconf 79' lang='lat' dir='ltr'>Dei</span> <span class='ocrx_word' id='word_1_521' title='bbox 1429 3222 1440 3241; x_wconf 79' lang='lat'>,</span> <span class='ocrx_word' id='word_1_522' title='bbox 1475 3186 1635 3232; x_wconf 85' lang='lat' dir='ltr'>scilicet</span> <span class='ocrx_word' id='word_1_523' title='bbox 1671 3184 2053 3248; x_wconf 73' lang='lat' dir='ltr'>ipsius·rationem</span> <span class='ocrx_word' id='word_1_524' title='bbox 2075 3221 2086 3239; x_wconf 81' lang='lat'>‚</span> <span class='ocrx_word' id='word_1_525' title='bbox 2136 3196 2177 3228; x_wconf 82' lang='lat' dir='ltr'>et</span> <span class='ocrx_word' id='word_1_526' title='bbox 2213 3182 2389 3244; x_wconf 80' lang='lat' dir='ltr'>sapien-</span> 
     </span>
     <span class='ocr_line' id='line_1_47' title="bbox 246 3247 2386 3312; baseline -0 -20"><span class='ocrx_word' id='word_1_527' title='bbox 246 3249 378 3302; x_wconf 83' lang='lat' dir='ltr'>tiam,</span> <span class='ocrx_word' id='word_1_528' title='bbox 415 3266 500 3312; x_wconf 84' lang='lat' dir='ltr'>qua</span> <span class='ocrx_word' id='word_1_529' title='bbox 537 3252 806 3311; x_wconf 80' lang='lat' dir='ltr'>praeclaram</span> <span class='ocrx_word' id='word_1_530' title='bbox 843 3251 956 3296; x_wconf 82' lang='lat' dir='ltr'>hanc</span> <span class='ocrx_word' id='word_1_531' title='bbox 993 3253 1150 3297; x_wconf 85' lang='lat' dir='ltr'>mundi</span> <span class='ocrx_word' id='word_1_532' title='bbox 1189 3251 1399 3297; x_wconf 83' lang='lat' dir='ltr'>fabricam</span> <span class='ocrx_word' id='word_1_533' title='bbox 1437 3251 1489 3297; x_wconf 89' lang='lat' dir='ltr'>ab</span> <span class='ocrx_word' id='word_1_534' title='bbox 1509 3263 1721 3305; x_wconf 83' lang='lat' dir='ltr'>aeterno,</span> <span class='ocrx_word' id='word_1_535' title='bbox 1756 3262 1801 3294; x_wconf 84' lang='lat' dir='ltr'>ut.</span> <span class='ocrx_word' id='word_1_536' title='bbox 1838 3250 1891 3295; x_wconf 88' lang='lat' dir='ltr'>ita</span> <span class='ocrx_word' id='word_1_537' title='bbox 1927 3250 2091 3304; x_wconf 75' lang='lat' dir='ltr'>dicam,</span> <span class='ocrx_word' id='word_1_538' title='bbox 2129 3247 2386 3298; x_wconf 82' lang='lat' dir='ltr'>delineavit;</span> 
     </span>
     <span class='ocr_line' id='line_1_48' title="bbox 245 3316 1985 3379; baseline 0.001 -20"><span class='ocrx_word' id='word_1_539' title='bbox 245 3331 321 3359; x_wconf 84' lang='lat' dir='ltr'>seu</span> <span class='ocrx_word' id='word_1_540' title='bbox 358 3317 501 3374; x_wconf 78' lang='lat' dir='ltr'>potius</span> <span class='ocrx_word' id='word_1_541' title='bbox 539 3316 758 3360; x_wconf 80' lang='lat' dir='ltr'>mundum</span> <span class='ocrx_word' id='word_1_542' title='bbox 796 3316 916 3360; x_wconf 83' lang='lat' dir='ltr'>hunc</span> <span class='ocrx_word' id='word_1_543' title='bbox 952 3317 1268 3379; x_wconf 74' lang='lat' dir='ltr'>intelligibilem</span> <span class='ocrx_word' id='word_1_544' title='bbox 1306 3318 1350 3362; x_wconf 83' lang='lat' dir='ltr'>in</span> <span class='ocrx_word' id='word_1_545' title='bbox 1389 3330 1536 3363; x_wconf 85' lang='lat' dir='ltr'>mente</span> <span class='ocrx_word' id='word_1_546' title='bbox 1573 3317 1660 3363; x_wconf 79' lang='lat' dir='ltr'>Dei</span> <span class='ocrx_word' id='word_1_547' title='bbox 1696 3316 1953 3360; x_wconf 80' lang='lat' dir='ltr'>existentem</span> <span class='ocrx_word' id='word_1_548' title='bbox 1976 3351 1985 3360; x_wconf 87' lang='lat'><strong>.</strong></span> 
     </span>
    </p>

    <p class='ocr_par' dir='ltr' id='par_1_5' title="bbox 317 3379 2390 3445">
     <span class='ocr_line' id='line_1_49' title="bbox 317 3379 2390 3445; baseline -0 -21"><span class='ocrx_word' id='word_1_549' title='bbox 317 3379 390 3425; x_wconf 80' lang='lat'>53.</span> <span class='ocrx_word' id='word_1_550' title='bbox 431 3381 567 3444; x_wconf 84' lang='lat' dir='ltr'>Quod</span> <span class='ocrx_word' id='word_1_551' title='bbox 603 3382 637 3427; x_wconf 84' lang='lat' dir='ltr'>s&#39;i</span> <span class='ocrx_word' id='word_1_552' title='bbox 672 3379 831 3426; x_wconf 83' lang='lat' dir='ltr'>alicubi</span> <span class='ocrx_word' id='word_1_553' title='bbox 867 3381 999 3427; x_wconf 80' lang='lat' dir='ltr'>Philo</span> <span class='ocrx_word' id='word_1_554' title='bbox 1059 3383 1144 3429; x_wconf 86' lang='lat' dir='ltr'>hoc</span> <span class='ocrx_word' id='word_1_555' title='bbox 1181 3384 1267 3432; x_wconf 87' lang='lat' dir='ltr'>Dei</span> <span class='ocrx_word' id='word_1_556' title='bbox 1303 3383 1512 3435; x_wconf 83' lang='lat' dir='ltr'>Verbum</span> <span class='ocrx_word' id='word_1_557' title='bbox 1562 3395 1770 3445; x_wconf 79' lang='lat' dir='ltr'>tanquam</span> <span class='ocrx_word' id='word_1_558' title='bbox 1807 3381 2109 3429; x_wconf 82' lang='lat' dir='ltr'>subsistentem</span> <span class='ocrx_word' id='word_1_559' title='bbox 2143 3380 2390 3427; x_wconf 81' lang='lat' dir='ltr'>Personam</span> 
     </span>
    </p>
   </div>
   <div class='ocr_carea' id='block_1_2' title="bbox 2264 3443 2332 3488">
    <p class='ocr_par' dir='ltr' id='par_1_6' title="bbox 2264 3443 2332 3488">
     <span class='ocr_line' id='line_1_50' title="bbox 2264 3443 2332 3488; baseline -0.029 0"><span class='ocrx_word' id='word_1_560' title='bbox 2264 3443 2332 3488; x_wconf 81' lang='lat' dir='ltr'>de·</span> 
     </span>
    </p>
   </div>
  </div>
 </body>
</html>
