2577 3633
788 112 914 158 APP.
946 114 1002 158 Il·
1032 112 1113 157 DE
1147 112 1325 157 SYMB.
1360 114 1654 175 Quicumque.

76 196 170 236 dem
194 196 325 250 ‘primo
353 191 473 233 altum
504 201 556 233 est
586 190 700 245 hujus
720 191 899 245 Symboli
927 194 1120 233 silentium
1141 207 1179 230 a·

81 251 160 303 pud
191 253 371 289 Auctores
400 247 606 286 Athanasio
634 245 867 299 synchronos
885 276 896 295 ,
934 245 994 285 ve'l
1025 247 1180 299 propin-

79 306 231 355 quiores
248 329 258 341 .
286 300 395 340 Nihil
425 302 472 340 de
500 314 544 339 eo
571 301 701 340 dicunt
731 299 1015 348 Theodoretns‚
1045 300 1178 338 Socra-

77 364 129 395 tes
147 387 157 404 ,
195 356 451 403 Sozomenus,
492 356 560 408 qni
591 353 762 406 ejusdem
793 362 918 393 tamen
948 366 1178 391 commemo-

76 409 183 448 randi
221 409 460 447 occasionem
508 408 748 456 habuerunt,
795 407 888 444 dum
931 408 977 445 de
1006 406 1179 445 Concilio

76 463 250 500 Romano
278 464 318 500 in
347 476 459 500 causa
479 461 676 500 Athanasii
705 469 836 499 coacto
864 460 981 499 verba
1005 461 1177 499 faciunt.

75 515 186 554 Nihil
215 517 253 553 in
282 515 545 567 antiquissimo
586 515 657 554 illo
688 512 866 552 Romanae
897 513 1083 552 Ecclesiae
1119 526 1180 552 co-

75 569 189 617 dice,
218 582 334 620 quem
362 581 407 605 ex
435 568 583 607 duobus
611 568 885 619 Manuscriptis
906 567 1117 615 Thuaxoeo,
1147 567 1181 603 δε

77 623 286 660 Oxoniensi
315 620 545 669 Quesnellus
586 622 702 660 edidit
732 623 772 660 in
815 621 1025 672 appendice
1054 623 1100 660 ad
1130 621 1182 658 O·

77 688 170 727 pera
198 674 237 712 S.
260 675 422 713 Leonis.
452 674 561 712 Nihil
593 676 631 713 in
661 674 928 714 vetustioribus
956 675 996 713 S.
1016 674 1181 713 Athana-

73 728 124 766 sii
152 740 241 766 cum
269 730 430 780 graecis,
478 738 560 766 tum
588 728 714 766 latinis
750 728 946 766 codicibus
969 755 979 766 .
1027 727 1106 766 Nec
1140 728 1181 767 S.

71 780 277 833 Cyrinus,
306 795 376 819 nec
403 780 601 833 Ephesina
629 782 834 835 Synodus‚
876 794 999 833 neque
1027 781 1068 819 S.
1097 782 1181 819 Cae-

78 832 236 873 lestinus
257 864 267 883 ,
297 848 419 887 neque
437 835 637 874 Cassianus
665 843 793 874 contra
822 833 1088 883 Nestorianos,
1118 849 1184 872 ne-

78 902 154 940 que
183 887 308 926 Patres
335 888 632 927 Calcedonenses
669 896 796 928 contra
823 887 1084 939 Eutychianos
1113 888 1184 927 hoc

56 940 314 993 'Symbolum
345 940 626 990 adhibuerunt,
657 954 746 980 cum
767 949 894 979 tamen
924 950 1083 993 utraque
1099 940 1183 979 haec

79 995 237 1034 haeresis
267 994 370 1033 clare
398 1004 510 1047 atque
539 994 834 1047 explicatissime
861 994 900 1030 in
924 1006 974 1030 eo
1003 993 1183 1046 profliga-

79 1058 116 1088 ta
146 1049 383 1101 reperiatur3
412 1048 454 1087 S.
483 1038 611 1086 atstem
627 1049 706 1085 Leo
734 1047 773 1083 iu
803 1048 910 1098 epist.
940 1047 987 1085 ad
1014 1047 1184 1087 Leonem

77 1104 291 1154 Augustum
322 1100 438 1138 verba
466 1101 623 1152 quidem
652 1100 693 1138 S.
724 1098 923 1138 Athanasii
955 1113 1000 1138 ex
1029 1101 1186 1152 epistola

76 1157 125 1194 ad
155 1155 357 1207 Epicteum
387 1152 548 1205 allegat,
592 1151 773 1206 Symboli
809 1162 936 1190 autem
954 1183 964 1200 ,
1008 1154 1110 1205 qnod
1139 1156 1185 1193 ad

76 1223 159 1247 rem
190 1206 310 1245 multo
338 1207 458 1257 magis
495 1206 654 1254 fuisset,
698 1218 746 1245 ne
773 1208 950 1245 meminit
994 1208 1151 1258 quidem
1174 1235 1185 1246 .

75 1262 197 1300 immo
225 1273 296 1298 nec
323 1259 453 1296 Latini
482 1268 568 1297 ante
597 1259 828 1312 Gregorium
846 1259 938 1307 1X.‚
968 1260 1008 1297 id
1038 1270 1091 1298 est
1119 1275 1184 1299 an-

77 1326 111 1354 te
140 1327 287 1353 annum
315 1311 434 1350 1253.
465 1309 536 1350 hoc
561 1309 758 1364 'Symbolo
786 1321 916 1351 contra
945 1313 1099 1351 Graecos
1130 1317 1187 1354 usi

76 1378 188 1415 sunt,
226 1375 263 1403 ut
293 1363 494 1405 Photianos
521 1365 686 1417 Spiritus
716 1367 835 1404 sancti
866 1368 1144 1418 processionem
1165 1384 1187 1406 a

75 1421 182 1460 Filio
209 1426 383 1471 negantes
411 1419 505 1456 tanti
533 1418 718 1459 Ecclesiae
748 1420 900 1459 Graecae
930 1419 1089 1459 luminis
1116 1436 1182 1460 au·-

74 1476 244 1517 ctoritate
272 1472 563 1510 confunderent.
592 1472 705 1521 Quod
734 1484 1001 1524 argumentum
1023 1476 1089 1512 etsi
1119 1490 1184 1513 ne-

76 1529 248 1579 gativum
265 1556 276 1575 ‚
305 1525 440 1563 robore
468 1537 543 1563 non
571 1536 699 1574 caret,
730 1541 819 1566 cum
847 1526 955 1566 nulla
984 1538 1185 1581 suppetant

77 1581 270 1619 contraria
299 1580 387 1617 satis
416 1578 530 1616 firma
562 1590 780 1619 momenta.

132 1634 223 1673 310.
257 1633 440 1680 Accedit,
467 1630 628 1671 latinam
645 1634 766 1672 videri
787 1635 908 1686 potius
925 1663 935 1683 ,
957 1648 1073 1687 quam
1089 1648 1185 1687 grae-

77 1702 163 1726 cam
192 1688 360 1739 primam
401 1684 518 1736 hujus
545 1685 723 1740 Symboli
767 1689 954 1738 originem
973 1715 982 1726 .
1027 1689 1067 1726 Id
1097 1702 1184 1727 con-

77 1750 146 1779 stat
175 1740 236 1779 vel
266 1754 310 1778 ex
340 1751 383 1777 eo
403 1738 526 1777 solum
548 1769 559 1787 ,
589 1741 692 1792 quod
722 1741 760 1779 in
789 1743 925 1792 graecis
955 1742 1186 1794 exemplari-

75 1793 147 1832 bus
177 1808 312 1845 magna
342 1791 502 1830 habetur
523 1795 711 1842 varietas,
755 1803 882 1832 contra
914 1808 1002 1832 vero
1032 1797 1069 1832 in
1101 1795 1186 1833 lati-

75 1850 134 1886 nis
162 1861 314 1887 summa
343 1847 534 1884 consensio
563 1847 655 1899 (a):
702 1848 788 1886 haec
817 1857 943 1885 antem
972 1861 1187 1899 graecorum

77 1900 359 1952 exemplarium
390 1901 549 1937 varietas
578 1902 725 1939 nonnisi
756 1914 802 1938 ex
829 1901 979 1939 diverso
1000 1903 1185 1950 interpre-

75 1963 158 1992 tum
187 1954 299 2005 genio
326 1954 419 1990 oriri
449 1955 599 2004 potuit.
633 1954 680 1991 At
710 1966 799 1992 vero
827 1966 1052 2005 quanquam
1071 1952 1187 1990 Atha-

75 2010 205 2046 nasius
245 2007 346 2044 inter
375 2006 530 2044 Latinos
559 2005 788 2056 aliquandiu
817 2014 1072 2043 commoratus
1103 2005 1186 2043 fue-

75 2061 152 2109 rit,
188 2059 343 2111 quando
371 2058 516 2097 scilicet
544 2058 594 2096 ab
623 2057 798 2097 Ecclesia
826 2073 894 2097 sua
925 2058 1054 2109 pulsus
1085 2072 1186 2095 erra-

73 2113 140 2152 bat
157 2143 168 2161 ,
198 2114 262 2150 vix
291 2121 420 2149 tamen
450 2119 502 2149 est
522 2111 708 2149 credibile
724 2141 734 2159 ,
765 2125 852 2148 eum
875 2120 983 2147 aetate
1003 2109 1082 2159 jam
1101 2124 1186 2161 pro-

75 2175 230 2204 vectum
261 2165 312 2201 ita
340 2163 440 2200 hene
469 2163 605 2199 latinas
624 2163 767 2200 litteras
796 2164 1001 2209 didicisse,
1033 2172 1072 2199 ut
1091 2175 1187 2214 opus

76 2218 150 2257 hoc
179 2230 254 2255 non
282 2216 441 2253 omnino
483 2214 674 2266 inelegans
717 2214 946 2254 elucubrare
991 2218 1186 2266 potuerit3

78 2271 180 2325 quod
209 2271 312 2307 enim
330 2267 452 2320 aliqui
476 2267 638 2316 dicunt,
663 2282 756 2306 veum
778 2282 851 2307 non
880 2270 1007 2306 minus
1028 2268 1186 2306 latinam

76 2338 195 2377 quam
224 2335 390 2375 graecam
421 2320 605 2372 *linguam
649 2321 825 2360 calluisse
856 2326 870 2373 (
901 2337 964 2373 ap.
996 2320 1185 2360 Murator.

73 2378 192 2416 Tem.
228 2378 276 2415 11.
306 2373 496 2412 Anecdot.
536 2389 576 2425 p.
612 2388 730 2423 220.,
779 2375 812 2411 δε
841 2375 1111 2414 Bollandianos
1147 2389 1184 2413 2.

77 2430 181 2481 Maji
208 2444 294 2481 cap.
320 2442 382 2466 ιο.
412 2428 427 2477 )
458 2426 569 2466 valde
600 2428 787 2467 incertum
818 2437 896 2466 est.

132 2484 224 2522 311.
254 2482 423 2520 Demum
468 2479 563 2518 salso
606 2480 676 2519 hoc
704 2481 937 2534 Symbolum
977 2479 1183 2520 Athanasio

75 2536 195 2575 tribu'i
213 2566 224 2585 ,
254 2535 395 2573 indicat
423 2535 537 2572 etiam
566 2543 767 2572 auctorum
797 2535 997 2573 dissidium
1027 2534 1072 2572 de
1089 2544 1180 2572 tem-

75 2603 168 2642 pore
189 2619 200 2636 ,
232 2588 339 2636 loco,
370 2587 404 2623 8:
433 2600 546 2625 causa
576 2587 682 2625 illius
712 2589 843 2626 edendi
862 2614 871 2625 .
903 2587 1120 2626 Multorum
1143 2601 1182 2624 0-

76 2644 185 2695 pinio
213 2642 307 2689 fuit,
337 2641 509 2678 Treviris
539 2643 578 2678 in
608 2640 738 2692 aliquo
767 2651 880 2694 puteo
908 2642 974 2679 diu
1005 2641 1044 2679 S.
1067 2640 1181 2679 Atha—

75 2697 222 2733 nasium
254 2694 443 2742 latitasse,
475 2703 514 2732 ut
541 2708 578 2732 se
599 2694 647 2732 ab
664 2695 895 2732 Arianorum
925 2695 1072 2732 insidiis
1102 2704 1182 2732 tue-

72 2759 204 2794 retur3
235 2750 354 2786 immo
383 2746 494 2784 hodie
523 2748 635 2785 etiam
667 2757 823 2798 puteum
853 2749 995 2785 ostendi
1025 2748 1180 2796 dicunt,

76 2805 117 2841 in
146 2801 258 2851 cujus
285 2800 439 2839 latebris
469 2800 566 2838 hanc
595 2800 687 2838 fidei
717 2815 795 2838 suae
839 2801 1112 2839 confessionem
1144 2815 1181 2837 e·

77 2857 225 2894 xaravit
246 2882 256 2892 .
286 2854 361 2892 Sed
390 2855 647 2891 commentitia
678 2853 759 2892 haec
781 2854 913 2892 fabula
943 2863 1019 2900 est5
1051 2854 1183 2891 Vossio

78 2907 326 2953 observante,
370 2907 459 2944 inde
489 2906 739 2959 probabiliter
767 2916 876 2955 orta,
924 2908 1025 2960 quod
1057 2906 1182 2944 Russi-

75 2973 144 2998 nus
171 2960 262 2997 Lib.
303 2960 356 2999 X.
387 2958 493 2999 Htsz.
523 2958 683 2999 Eccles.
714 2975 799 3013 cap.
827 2962 886 3000 18.
930 2959 1180 2999 Athanasium

82 3106 183 3148 Lyon
214 3103 336 3147 1730-‚
379 3107 410 3136 &
432 3117 501 3139 non
529 3107 576 3140 ita
603 3106 737 3151 pridem
764 3107 936 3140 Antonius
961 3105 1133 3140 Sanrlinns
1161 3105 1195 3137 in

80 3150 262 3193 Disputat.
286 3149 383 3182 Hise.
410 3150 503 3183 XIV.
529 3154 650 3198 Neque
678 3155 768 3186 inter
789 3153 1019 3186 protestantes
1046 3152 1195 3191 desunt,

79 3198 140 3240 qui
167 3195 279 3228 eidem
305 3197 483 3229 sententiae
499 3199 746 3239 subscribant,
770 3207 810 3231 nt
837 3198 928 3242 apud
953 3200 1194 3233 Abrainnnnm

79 3243 265 3276 Calovinm
291 3239 409 3275 Theol.
435 3251 545 3278 natur.
572 3251 611 3278 ω’
638 3248 775 3280 revelat.
805 3245 1120 3290 Libr.1.pag.·63.
1140 3243 1192 3275 vi-

82 3287 155 3321 deri
181 3295 315 3332 potest.

130 3340 174 3374 (a)
201 3334 235 3365 Si
261 3345 370 3365 unum
406 3335 601 3376 excipiatur
636 3337 768 3371 editum
803 3350 822 3370 a
847 3337 1044 3372 Mxxsatorio
1080 3335 1121 3368 T.
1149 3334 1191 3368 ll·-

191 3379 429 3432 Gazzffinga
463 3380 592 3420 leeol.
626 3382 738 3421 Tem.
760 3384 826 3421 111.

2220 123 2300 175 ¹93

1246 195 1466 232 sexennium
1498 196 1536 231 in
1565 195 1729 232 cisterna
1757 193 1947 233 delituisse
1976 202 2124 243 narret,
2167 198 2267 248 quod
2299 208 2351 236 ta=

1248 260 1334 284 men
1363 261 1438 284 non
1471 246 1668 294 Treviris,
1696 248 1760 284 sed
1790 250 1829 286 in
1847 247 2005 300 AEgypto
2027 249 2170 287 factum
2199 252 2350 302 scripsit

1249 298 1449 347 Ruffiuns,
1482 301 1602 337 immo
1630 301 1675 338 de
1707 300 1775 338 hoc
1806 302 1887 352 ipso
1916 302 2090 340 dubitare
2121 304 2295 341 videtur.

1302 351 1393 390 512.
1425 352 1503 391 Alii
1535 366 1621 391 vero
1653 364 1730 405 post
1761 351 2006 401 Barouimn‚‘
2038 355 2269 406 Symbolum
2301 358 2351 396 ab

1248 405 1452 444 Athanasio
1481 407 1625 444 editum
1653 408 1886 458 opinantur,
1916 419 2004 444 cum
2036 407 2195 446 Romam
2227 412 2351 448 venis-

1247 467 1328 505 set,
1371 458 1460 496 fidei
1491 473 1569 496 suae
1614 460 1884 511 professionem
1915 459 2018 497 Julio
2048 460 2092 498 R.
2124 461 2163 499 P.
2183 492 2192 509 ,
2229 464 2348 515 veique

1249 511 1493 549 assidentibus
1509 513 1709 564 Episcopis
1737 512 1961 551 oblaturus.
1992 512 2066 551 Sed
2096 513 2167 551 hoc
2186 516 2266 553 siue
2296 516 2351 554 ul-

1250 564 1288 601 lo
1311 564 1564 602 *fundamento
1594 566 1752 617 fingitur
1773 596 1784 614 ,
1813 567 2011 618 praecipue
2039 579 2129 604 cuin
2150 569 2228 606 sub
2248 568 2354 607 Julio

1250 631 1327 655 non
1354 617 1401 654 de
1421 617 1613 657 Athanasii
1642 620 1744 667 fide,
1775 620 1838 656 sed
1869 620 2079 657 innocentia
2109 620 2230 658 solum
2247 637 2345 673 quee-

1248 672 1317 710 stio
1347 680 1446 708 mota
1475 681 1592 718 esset3
1624 673 1745 710 multa
1774 674 1876 710 enim
1908 673 2074 710 crimina
2104 674 2175 725 ipsi
2207 675 2354 714 fucrant

1248 738 1316 778 per
1333 723 1566 761 calumniam
1595 725 1720 763 afficta
1737 756 1747 774 ,
1777 741 1799 763 a
1816 726 1977 777 quibus,
2009 739 2098 763 cum
2128 727 2231 779 apud
2255 729 2360 781 Apo<

1249 777 1420 816 stolicam
1451 777 1586 815 Sei-tem
1605 809 1614 825 ,
1660 787 1740 816 tum
1785 781 1822 816 in
1853 778 2006 830 Synodo
2035 779 2251 818 Sardicensi
2289 796 2353 821 cu<

1251 830 1501 869 mulatissime
1531 845 1567 867 se
1598 833 1799 882 purgavit.
1844 831 1918 869 Sed
1948 833 1977 869 si
2009 834 2124 870 etiam
2152 831 2244 871 fidei
2273 849 2351 874 suae

1252 885 1437 924 rationein
1467 884 1620 921 reddere
1649 885 1864 933 debuisset,
1894 895 1993 922 certe
2015 885 2243 936 particulam
2267 890 2355 936 ὁμο*

1255 937 1384 985 donov,
1414 949 1482 989 pro
1510 951 1587 990 qua
1617 946 1764 976 strenue
1795 951 1945 989 semper
1966 948 2223 989 pugnaverat,
2255 941 2357 979 hand

1252 991 1465 1036 omisi-sset3
1511 991 1836 1042 quemadmodum
1866 1005 1931 1028 nec
1961 993 2114 1029 omnino
2159 996 2292 1033 omisit
2317 996 2353 1032 in

1253 1044 1370 1082 altera
1398 1042 1660 1094 Expositiene
1690 1042 1796 1080 Fisslec
1814 1075 1824 1092 ,
1867 1045 1912 1081 de
1942 1044 2051 1094 cujus
2080 1055 2204 1084 tamen
2222 1047 2358 1086 αὑᾶενε

1252 1100 1317 1138 v-a'oe
1338 1095 1513 1135 nonnulli
1534 1097 1711 1134 dubitant
1728 1100 1742 1147 (
1762 1096 1808 1134 V.
1827 1096 1985 1135 Ceillier
2000 1097 2048 1135 T.
2068 1098 2116 1136 V.
2146 1113 2186 1150 p.
2203 1097 2327 1149 ‘¹37·)
2349 1130 2352 1133 .

1252 1150 1350 1189 Sane
1379 1150 1592 1203 inepistola
1609 1149 1795 1188 catholica
1816 1148 2068 1201 Symbolum,
2099 1153 2223 1203 inquit
2241 1181 2250 1197 ,
2281 1161 2357 1189 tes*

1254 1217 1423 1255 seraque
1448 1202 1554 1257 fidei
1583 1212 1732 1241 nostroe
1761 1212 1819 1241 est
1849 1201 2198 1241 consubstantialis
2229 1203 2265 1240 T
2263 1208 2359 1241 rint-a

1252 1266 1345 1295 ms:
1388 1271 1509 1309 neque
1538 1266 1733 1294 contentus
1774 1257 1904 1295 fuisset
1935 1257 2108 1294 eamdem
2138 1256 2232 1294 Filii
2270 1271 2357 1295 con-⁷

1256 1309 1610 1349 substantialitatem
1642 1309 1766 1347 verbis
1797 1309 1919 1347 solum
1951 1309 2274 1360 aequivalentibus
2304 1313 2360 1348 in—v

1253 1363 1382 1401 dicare
1405 1394 1415 1411 ,
1445 1365 1641 1415 praecipue
1673 1364 1702 1399 si
1733 1376 1865 1400 verum
1897 1371 1975 1409 est,
2023 1363 2122 1401 hanc
2152 1362 2242 1400 fidet
2273 1376 2360 1414 pro-

1254 1417 1455 1455 sessionem
1498 1416 1600 1454 Ju-lio
1644 1414 1687 1453 R.
1712 1414 1883 1454 Pontifici
1929 1416 2041 1453 fuisse
2084 1416 2132 1453 ab
2178 1415 2359 1455 Athamas.

1254 1469 1485 1517 exhibitam,
1516 1469 1625 1508 nulla
1647 1470 1750 1506 euim
1772 1478 1848 1506 erat
1872 1470 1972 1506 vocis
1989 1466 2162 1513 ὁμῡέσιῡν
2195 1470 2353 1506 reticem-

1252 1524 1311 1561 dae
1342 1537 1480 1561 cansa.
1511 1522 1643 1575 Neque
1673 1522 1796 1560 Julius
1828 1520 1872 1559 R.
1891 1520 1935 1558 P.
1959 1523 2003 1559 -iu
2034 1520 2188 1572 epistola
2215 1522 2262 1558 ad
2282 1523 2357 1560 An-

1253 1576 1468 1624 tiochenos,
1500 1578 1538 1614 in
1560 1591 1636 1628 qua
1667 1577 1846 1613 rationem
1876 1574 2015 1621 reddit,
2046 1587 2115 1611 cur
2131 1574 2170 1612 S.
2194 1574 2358 1612 Athana-

1253 1632 1353 1669 sium
1386 1632 1424 1667 in
1455 1644 1562 1667 suam
1593 1630 1906 1666 communionem
1935 1628 2146 1678 receperit,
2193 1627 2358 1679 Symbo-

1255 1683 1336 1721 lum
1367 1683 1415 1721 ab
1447 1683 1514 1720 illo
1537 1684 1686 1720 *editum
1715 1680 1865 1720 silentio
1894 1680 2108 1731 pressisset.

1311 1737 1402 1774 515.
1435 1737 1527 1774 Haec
1558 1737 1716 1782 omnia,
1761 1738 1816 1773 sin
1846 1736 1973 1772 minus
2003 1730 2184 1781 divisim,
2226 1733 2362 1772 saltem

1255 1789 1369 1827 simul
1392 1799 1541 1841 sumpta
1560 1819 1569 1836 ‚
1591 1788 1858 1826 verosimiliter
1876 1787 2070 1824 ostendunt
2087 1816 2097 1833 ,
2128 1785 2360 1838 Symbolum

1259 1842 1504 1892 Quicumque
1541 1854 1611 1878 non
1642 1855 1717 1878 esse
1746 1840 1787 1878 S.
1818 1840 2017 1877 Athanasii
2048 1842 2255 1889 genuinum
2288 1841 2359 1877 foe-

1253 1904 1334 1931 tum
1358 1893 1442 1944 (ὣς
1491 1894 1688 1944 praecipue
1726 1905 1816 1928 cum
1845 1890 1955 1928 nulla
1983 1892 2069 1928 satis
2105 1891 2221 1928 firma
2249 1905 2361 1943 argu-

1254 1955 1380 1984 menta
1409 1959 1478 1998 pro
1506 1947 1696 1984 contraria
1724 1945 1905 1982 sententia
1933 1942 2123 1991 militent,
2151 1944 2252 1995 quod
2275 1957 2362 1981 mox

1254 2000 1500 2038 videbimus.
1548 1998 1665 2036 Secus
1695 2006 1823 2034 autem
1852 2006 1972 2042 esset,
2020 1998 2050 2034 si
2079 1999 2188 2048 gravi
2229 1997 2363 2049 aliquo

1254 2061 1503 2089 monumento
1532 2049 1764 2101 Symbolum
1800 2049 2047 2099 Quicumque
2095 2057 2216 2099 posset
2246 2050 2362 2087 ‘Atha-

1254 2107 1357 2142 nasio
1387 2104 1602 2149 viudicari3
1641 2111 1731 2140 tunc
1761 2104 1863 2140 enim
1893 2100 2019 2139 allatae
2050 2100 2229 2139 hactenus
2266 2115 2356 2140 cona

1254 2157 1412 2208 jectnrae
1441 2158 1545 2194 omni
1573 2169 1688 2193 nervo
1717 2163 1912 2195 carerent.

1311 2211 1401 2256 314.
1432 2209 1524 2260 Obj.
1567 2211 1725 2261 primo.
1769 2207 1852 2247 Hoc
1881 2206 2114 2260 Symbolum
2159 2206 2364 2246 Athanasio

1255 2264 1426 2301 tribuunt
1455 2263 1710 2315 antiquissimi
1742 2261 1955 2313 Scriptores
1976 2287 1986 2298 .
2025 2259 2160 2297 ¹Primo
2201 2262 2360 2312 quidem

1254 2317 1488 2355 subobscure
1517 2316 1556 2354 S.
1587 2315 1794 2365 Gregorius
1834 2314 2094 2352 Nazianzenus
2135 2312 2184 2350 cle
2213 2312 2363 2350 Laudi-

1255 2369 1322 2407 bus
1352 2369 1592 2416 Athanasii,
1622 2368 1780 2415 dicens,
1824 2380 1912 2405 eum
1942 2367 1982 2404 in
2012 2366 2243 2404 confessione
2271 2366 2363 2405 fidei

1252 2423 1379 2461 oblata
1399 2424 1558 2461 Joviano
1582 2421 1804 2472 imperatori
1836 2420 2003 2471 Spiritus
2023 2420 2150 2457 sancti
2179 2420 2362 2457 divinita·

1251 2486 1326 2514 tem
1359 2478 1471 2514 fuisse
1507 2476 1745 2513 consessum.
1775 2473 1952 2511 Secundo
1983 2473 2018 2509 in
2038 2473 2166 2510 codice
2196 2473 2361 2524 quodam

1252 2530 1506 2568 Dervernensi
1535 2527 1870 2580 fragmentorum
1901 2523 2107 2562 &Hilarii
2135 2535 2216 2575 post
2245 2524 2359 2576 Sym-

1248 2583 1381 2621 bolum
1414 2583 1645 2629 Nicaenum,
1688 2580 1723 2616 8<
1752 2579 2034 2616 damnationem
2066 2578 2149 2615 Arii
2188 2581 2356 2629 sequitur

1250 2636 1366 2674 Fides
1395 2635 1501 2672 <licta
1529 2647 1557 2670 a
1588 2634 1628 2672 S.
1660 2631 1907 2675 Atlzcznaslo5
1939 2633 1988 2668 ita
2008 2632 2132 2668 vetiam
2160 2633 2276 2668 codex
2298 2631 2357 2669 Pi-

1249 2691 1423 2727 thoeanus
1454 2688 1587 2726 habet.
1637 2686 1768 2723 Tertio
1798 2683 1987 2736 Ugheilrrs
2017 2682 2140 2721 Tomo
2173 2683 2242 2722 JV.
2275 2682 2358 2721 Im-

1250 2744 1315 2780 lz'ce
1344 2742 1484 2779 Sacrae
1515 2756 1551 2792 p.
1576 2740 1666 2778 508.
1695 2739 1742 2776 de
1774 2737 1814 2775 S.
1837 2737 2055 2775 Gaudentio
2083 2738 2269 2775 ssrixiensi
2303 2737 2355 2774 E-

1250 2798 1405 2847 piscopo
1435 2794 1518 2831 haec
1547 2793 1702 2831 scribit:
1732 2790 1781 2828 In
1809 2789 2045 2843 Symbolum
2077 2790 2140 2828 M,
2171 2790 2354 2827 Affm‘m-

1251 2853 1297 2886 δή
1327 2846 1444 2885 edidit
1474 2848 1809 2884 commentarium
1827 2874 1838 2891 ,
1868 2853 1908 2880 ut
1938 2847 1978 2879 in
1999 2852 2168 2880 veterum
2188 2843 2356 2880 Parrum

1251 2900 1491 2938 Bibliotheca
1520 2898 1709 2936 hahetur.
1753 2897 1795 2934 ld
1824 2898 1951 2950 ipsum
1993 2897 2160 2933 referunt
2184 2897 2242 2934 Ca
2258 2909 2356 2934 ›reo-

1250 2955 1309 2992 lus
1336 2953 1425 2992 Lib.
1443 2954 1508 2991 111.
1539 2949 1646 2989 Hest.
1675 2950 1789 2990 Brix.
1811 2980 1822 2999 ,
1867 2950 1901 2986 St
1931 2947 2128 2987 Ferrarius
2157 2949 2199 2987 in
2264 2959 2356 2987 ata.-

1932 3025 1938 3028 ·
2249 3004 2304 3040 lo-

1248 3100 1419 3136 Anecdot.
1445 3110 1477 3144 p.
1506 3095 1585 3131 225.
1610 3109 1652 3130 ex
1674 3095 1763 3131 Cod.
1799 3094 1964 3129 Biblioth.
1991 3095 2177 3134 Ambroso,
2212 3097 2244 3126 &
2272 3094 2357 3127 atte-

1247 3160 1326 3182 rum
1352 3145 1562 3180 colbertinae
1588 3143 1752 3177 Biblioth.
1783 3141 1962 3175 laudatum
1988 3154 2007 3174 a
2035 3141 2296 3175 Moatt'auconro
2322 3141 2356 3172 in

1248 3196 1290 3227 T.
1321 3195 1359 3225 Η.
1386 3194 1541 3235 Operum
1568 3191 1601 3222 S.
1629 3189 1811 3223 Athanasii
1838 3199 1916 3232 pag.
1945 3188 2025 3231 726.

1294 3241 1341 3277 (b)
1371 3237 1547 3270 Nonnulla
1573 3236 1640 3268 alia
1678 3243 1853 3270 momenta
1879 3235 2088 3274 omisimus,
2119 3233 2204 3277 *quia
2237 3232 2351 3263 minus

1245 3284 1354 3319 solida
1380 3283 1615 3317 demonstrata
1641 3291 1720 3315 sunt
1748 3293 1768 3315 a
1793 3279 1945 3314 Sandino
1969 3279 2075 3324 Βίῳ.
2101 3280 2186 3312 hist.
2212 3276 2306 3310 XlV.

1716 3372 1769 3412 25
