2577 3633
298 94 357 144 34

239 168 335 208 dixit
364 169 469 220 epist.
497 164 581 204 158.
611 163 705 202 alias
738 160 826 215 174.
855 173 890 200 e.
911 160 949 208 4.
979 162 1012 198 8(
1041 162 1180 199 iteruin
1200 161 1341 199 Filium

236 223 315 261 Del
345 233 429 258 esse
449 227 589 255 nattum
606 232 622 261 ,-
651 231 739 269 quae
759 216 908 268 phrasis
925 224 975 252 est
996 224 1111 253 sanct.
1141 213 1337 265 Patribus,

237 275 271 311 &
300 274 438 311 divinis
467 271 672 322 Scripturis
702 268 823 307 multo
859 269 1126 306 communior.
1181 268 1338 306 Utrum—

236 340 311 376 que
339 323 499 377 pulchre
527 322 722 374 conjunxit
740 320 925 374 Propheta
945 320 1073 358 Ps.11.
1102 319 1160 358 his
1188 322 1339 360 verbis:

235 377 356 415 Filius
385 390 496 415 meus
523 388 567 414 es
595 385 634 412 tu
653 404 663 423 ,
693 389 764 428 ego
792 373 902 411 hodie
929 376 1049 424 genui
1075 381 1140 411 te.
1169 372 1273 412 Dum
1302 390 1340 413 e-

235 433 316 469 nim
344 431 460 468 dicit:
502 427 612 467 hodie
640 438 788 479 tempus
817 439 981 479 praesens
1008 426 1201 477 designat3
1247 428 1340 466 dum

234 498 324 522 vero
339 485 458 521 addit:
477 486 618 535 genui,
639 490 785 532 teinpus
801 480 1034 530 praeteritum
1049 506 1059 517 .
1088 479 1209 517 Posset
1225 483 1338 518 etiam

233 538 314 575 dici
343 539 381 575 in
402 538 549 574 futuro:
578 534 696 572 Filius
726 545 881 583 semper
907 541 1096 570 nuscetur
1122 544 1175 570 ea:
1195 532 1341 578 Ριιινες

232 604 322 628 nam
363 589 398 626 8(
428 588 626 641 Apostolus
668 588 706 624 in
733 587 842 638 epist.
870 586 918 623 ad
947 585 1046 623 Heb.
1068 587 1097 623 Ι.
1126 587 1165 624 5.
1213 587 1339 624 Deum

233 653 380 696 patrem
410 644 460 680 ita
481 643 692 692 loquentem
723 640 889 676 inducit:
919 651 991 690 ego
1020 652 1086 677 ero
1116 639 1169 676 illi
1199 644 1239 676 in
1267 653 1339 690 pu,-

233 707 365 744 trem,
394 695 442 734 Εἴ)
471 698 552 742 ipse
581 697 651 730 erit
682 690 776 728 mihi
805 694 846 728 ἱη
863 691 1032 744 filium;
1077 693 1141 730 sed
1169 691 1252 730 haec
1282 692 1338 729 lo·

233 751 335 787 cutio
363 761 435 783 non
466 748 655 784 invenitur
683 745 786 797 apud
820 754 964 783 sanctos
992 743 1143 793 Patres,
1185 746 1338 783 fortasse

230 804 323 854 quia
351 801 522 837 futurum
550 807 700 850 tempus
729 797 877 850 aliquid
904 798 1172 849 imperfectum
1203 799 1338 836 innue—

232 867 273 892 re
315 854 492 902 videtur,
540 852 574 888 8(
603 850 862 904 significandae
905 852 1103 890 aeternitati
1133 853 1257 890 minus
1284 860 1337 889 est

232 917 366 960 aptum
384 932 400 944 .

290 961 350 1005 14,
380 960 469 997 Inst.
497 958 607 997 tertio
624 985 634 996 .
661 955 836 996 Personae
865 956 1105 1010 procedentes
1133 956 1181 995 ab
1212 971 1253 995 eo
1272 957 1337 995 de·

230 1014 419 1067 pendeant
441 1026 590 1050 necesse
617 1020 694 1058 est,
723 1026 745 1048 a
764 1025 840 1063 quo
860 1012 1091 1063 procedunt3
1120 1010 1337 1063 dependen-

230 1070 283 1105 tia
311 1076 434 1103 autem
465 1074 517 1103 est
547 1065 810 1117 imperfecti03
839 1065 1006 1116 adeoque
1035 1063 1104 1101 &c-

289 1119 349 1157 15.
380 1119 518 1170 Resp.,
566 1117 635 1155 hoc
665 1130 798 1154 verum
828 1131 930 1165 esse,
961 1117 1111 1169 quando
1139 1116 1198 1164 id,
1235 1115 1336 1168 quod

229 1173 398 1226 procedit
425 1172 474 1209 ab
503 1169 606 1218 alio,
645 1169 758 1208 habet
787 1172 981 1208 essentiam
1010 1171 1224 1215 diversam3
1271 1170 1335 1206 sed

229 1239 400 1278 personae
422 1225 564 1261 divinae
583 1252 593 1271 ,
623 1237 711 1260 cum
733 1224 934 1275 procedant
962 1222 1010 1260 ab
1040 1222 1115 1260 alio
1130 1223 1203 1260 sibi
1232 1235 1334 1260 coes·

229 1277 405 1325 sentiali,
442 1276 588 1314 nullam
614 1276 666 1312 ab
696 1289 739 1312 eo
767 1276 1053 1327 dependentiam
1084 1275 1222 1312 habere
1251 1288 1335 1326 pos·

229 1342 342 1378 sunt,
372 1331 443 1368 nisi
473 1329 687 1379 fingamuS,
712 1328 863 1380 >aliquid
892 1328 1101 1379 dependere
1130 1343 1151 1364 a
1181 1329 1302 1378 seipso
1323 1353 1334 1365 .

230 1384 417 1432 Quamvis
447 1391 572 1419 autem
601 1380 776 1427 dicatur,
806 1382 845 1417 in
860 1379 1166 1431 processionibus
1194 1381 1336 1417 divinis

230 1438 401 1475 eamdem
440 1445 604 1473 numero
631 1436 830 1471 essentiam
866 1447 888 1470 a
917 1432 1024 1471 Patre
1060 1432 1338 1470 communicari

229 1491 358 1538 Filio,
389 1488 423 1524 8(
451 1488 500 1526 ab
531 1497 689 1539 utroque
717 1486 880 1538 Spiritui
910 1494 1062 1535 sancto,
1105 1499 1179 1525 non
1204 1495 1337 1525 tamen

227 1545 305 1582 dici
336 1551 476 1596 potest,
506 1544 703 1578 essentiam
734 1541 827 1579 Filii
858 1541 1060 1593 procedere
1088 1554 1110 1578 a
1138 1539 1273 1588 Patre,
1303 1539 1337 1576 '&

228 1598 425 1635 essentiam
447 1596 610 1647 Spiritus
637 1595 753 1632 sancti
775 1594 977 1646 procedere
1005 1608 1027 1631 a
1055 1593 1161 1631 Patre
1178 1623 1189 1642 ,
1220 1592 1252 1628 8(
1272 1592 1339 1631 Fi—

230 1650 309 1698 lio,
339 1651 431 1702 quia
461 1658 547 1686 tunc
578 1650 732 1686 essentia
758 1648 978 1700 procederet
1007 1661 1029 1684 a
1058 1648 1206 1698 seipsa.
1254 1645 1341 1684 Per-

231 1717 322 1742 sona
351 1716 438 1754 ergo
467 1701 560 1740 Filii
591 1702 758 1753 procedit
787 1716 809 1738 a
828 1699 935 1737 Patre
953 1730 962 1747 ,
992 1700 1208 1751 recipiendo
1236 1713 1341 1737 eam-

229 1758 316 1794 dem
339 1767 494 1793 numero
524 1755 721 1791 essentiam
737 1754 810 1791 sibi
825 1754 1166 1800 communicatam,
1197 1752 1230 1788 8(
1251 1765 1336 1804 per-

230 1822 322 1846 sona
350 1808 514 1858 Spiritus
543 1807 660 1843 sancti
690 1821 712 1843 a
731 1806 839 1844 Patre
857 1835 867 1853 ,
897 1804 931 1841 8(
962 1804 1089 1852 Filio,
1119 1805 1152 1840 8(
1184 1806 1235 1842 sic
1263 1815 1336 1843 tres

229 1861 508 1910 distingmintur
537 1858 705 1896 Personae
734 1859 904 1904 divinoe3
947 1871 1020 1896 una
1049 1866 1175 1895 autem
1205 1871 1336 1896 nume-

231 1926 273 1950 ro
302 1922 352 1950 est
381 1913 511 1950 diviua
538 1913 719 1949 essentia.

290 1966 348 2004 16.
379 1964 470 2016 Obj.
499 1966 630 2002 tertio.
661 1963 821 2001 Persona
848 1965 1051 2016 procedens
1079 1963 1127 2003 ab
1157 1963 1233 2003 alia
1260 1976 1335 2004 non

229 2028 281 2056 est
310 2031 380 2056 ens
409 2031 436 2054 a
464 2030 536 2061 se;
583 2030 670 2068 ergo
698 2017 802 2054 Deus
829 2031 908 2055 esse
937 2032 1009 2056 non
1052 2027 1195 2070 potest,
1242 2020 1334 2070 quia

229 2072 333 2109 Deus
362 2079 412 2106 est
442 2083 512 2106 ens
541 2082 568 2106 a
596 2082 665 2106 se.

287 2137 346 2174 ¹7·
377 2121 488 2174 Resp.
516 2121 716 2159 Personam
733 2152 744 2170 ,
773 2135 861 2173 quae
876 2121 924 2161 ab
944 2122 1019 2161 alia
1035 2123 1228 2175 procedit,
1257 2134 1334 2161 non

227 2191 304 2215 esse
335 2189 405 2214 ens
434 2189 460 2212 a
488 2188 557 2223 se,
587 2177 731 2214 ratione
760 2189 927 2227 personae
945 2206 956 2225 ,
987 2191 1062 2214 esse
1092 2185 1217 2214 tamen
1247 2189 1334 2214 esse

227 2244 256 2268 a
298 2243 339 2267 se
369 2230 510 2266 ratione
538 2237 708 2276 naturae,
755 2243 842 2281 quae
873 2230 1004 2267 eadem
1035 2237 1085 2267 est
1123 2231 1163 2267 iu
1192 2229 1300 2267 Patre
1322 2256 1333 2278 ,

228 2284 331 2322 Filio
348 2313 358 2330 ,
388 2282 420 2318 8(
449 2282 595 2334 Spiritu
625 2292 776 2320 sancto.
805 2282 854 2320 Et
874 2292 1069 2335 propterea
1090 2281 1196 2320 Pater
1223 2298 1334 2334 gene-

229 2350 318 2375 rans
340 2335 483 2373 Filium
513 2348 586 2372 non
606 2345 657 2373 est
678 2337 794 2387 ipsius
815 2348 967 2385 causa,
996 2336 1059 2373 sed
1073 2339 1334 2387 principium;

227 2392 322 2442 quia
349 2403 462 2427 causa
490 2401 566 2426 non
594 2391 795 2441 proprium
836 2402 948 2427 suum
978 2403 1054 2427 esse
1091 2387 1239 2428 effectui
1267 2391 1334 2428 tri-

228 2443 339 2491 buit,
368 2442 430 2479 sed
458 2442 648 2479 diversum
666 2468 677 2479 .
715 2442 827 2489 Quod
856 2444 886 2480 si
914 2441 1090 2480 nonnulli
1120 2444 1235 2480 sancti
1264 2443 1333 2481 Pa-

227 2505 301 2534 tres
329 2495 535 2547 aliquando
562 2507 636 2533 non
663 2495 909 2544 dubitarunt,
958 2494 1105 2532 Patrem
1149 2505 1334 2534 aeternum

230 2547 424 2602 appellare
453 2560 623 2585 causam
652 2547 799 2596 Verbi,
829 2563 894 2586 seu
923 2548 1044 2596 Filii,
1073 2562 1212 2587 nomen
1241 2562 1336 2586 cau-

231 2616 288 2639 sae
318 2603 442 2640 minus
472 2603 626 2653 proprie
656 2611 896 2653 sumpserunt
937 2615 1005 2653 pro
1032 2605 1247 2652 principio,
1297 2611 1337 2640 ut

232 2655 273 2692 S.
304 2655 469 2692 Thomas
516 2668 646 2693 eorum
675 2656 774 2693 dicta
816 2653 979 2706 explicat
1008 2655 1038 2693 I.
1068 2653 1177 2692 Parte
1212 2669 1251 2706 q.
1273 2655 1337 2694 35·

232 2716 302 2745 art.
330 2721 383 2754 1.,
413 2707 480 2744 nbi
510 2708 623 2745 etiam
652 2709 697 2745 ad
729 2722 764 2746 2.
795 2708 989 2756 observat,
1028 2708 1155 2745 minus
1184 2709 1338 2759 proprie

232 2775 256 2798 a
284 2760 514 2812 quibusdam
543 2761 691 2799 Graecis
721 2761 834 2798 fuisse
863 2762 1005 2799 dictum
1044 2761 1090 2798 de
1120 2760 1247 2808 Filio,
1293 2773 1338 2799 ac

230 2814 376 2865 Spiritu
407 2823 558 2861 sancto,
587 2815 686 2866 quod
716 2818 1026 2863 principientur;
1055 2813 1124 2851 hoc
1152 2815 1255 2851 enim
1275 2825 1340 2850 vo-

232 2866 414 2904 cabulum
445 2866 614 2919 aliquam
633 2867 931 2919 subjectionem,
961 2867 1022 2906 vel
1051 2866 1342 2919 dependentiam

233 2921 400 2957 indicare
427 2921 602 2957 videtur.

293 2972 351 3010 18.
382 2975 468 3011 lust.
499 2976 625 3026 primo
643 3000 653 3010 .
690 2971 852 3012 Persona
881 2972 1082 3025 procedens
1112 2987 1233 3026 neque
1262 2984 1339 3011 esse

233 3034 351 3077 potest
380 3039 448 3063 ens
469 3039 496 3063 ιι
523 3040 566 3064 se
595 3028 735 3064 ratione
757 3037 899 3065 naturae
918 3057 927 3075 ,
958 3028 1049 3078 quia
1077 3036 1253 3064 naturam
1273 3026 1340 3063 ha-

233 3079 297 3116 bet
325 3091 398 3115 uon
429 3094 450 3115 a
478 3094 515 3116 se
533 3110 543 3127 ,
574 3081 637 3117 sed
667 3079 714 3117 ab
743 3080 820 3117 alio
849 3081 1169 3117 communicatam
1188 3105 1198 3117 .

294 3143 353 3181 if).
384 3130 521 3180 llesp.,
552 3132 589 3168 id
619 3146 692 3169 non
721 3132 892 3177 obstare3
923 3147 1011 3170 cum
1041 3134 1142 3170 enim
1164 3131 1271 3170 Pater
1292 3145 1343 3168 ae-

234 3193 361 3220 ternus
390 3186 639 3222 communicet
670 3186 796 3233 Filio,
827 3199 900 3223 non
919 3185 1084 3223 alienam
1103 3216 1112 3233 ,
1143 3186 1207 3223 sed
1236 3186 1345 3237 ipsis-

235 3238 374 3274 simam
394 3250 501 3272 suam
531 3245 701 3274 naturam
719 3268 728 3285 ,
758 3253 844 3289 quae
867 3248 919 3275 est
949 3253 970 3276 a
997 3253 1035 3275 se
1054 3269 1063 3286 ,
1096 3239 1208 3276 etiam
1238 3247 1345 3275 natu-

235 3302 278 3327 ra
308 3288 403 3326 Filii
445 3288 553 3327 debet
583 3302 658 3326 esse
687 3304 709 3327 a
739 3304 801 3335 se3
848 3291 943 3329 alias
972 3305 1048 3331 non
1091 3293 1183 3330 foret
1214 3291 1345 3329 eadem

977 80 1379 127 DISSERTATIO
1409 80 1466 125 11.

1519 76 1647 124 CAP.
1680 76 1737 123 Π.

1404 161 1578 207 omnino,
1599 159 1659 197 sed
1674 159 1845 197 diversa.
1865 157 1969 198 Idem
1985 156 2133 199 dicatur
2147 157 2192 198 de
2201 157 2348 214 Spiritu
2357 167 2486 202 saneto
2500 185 2514 203 ι

1463 227 1526 252 2ο.
1558 215 1643 250 lust.
1672 212 1834 249 secundo
1851 238 1861 251 .
1903 212 2064 252 Persona
2091 217 2379 253 communicans
2407 215 2516 255 alteri

1404 279 1513 304 suam
1535 264 1730 303 essentiam
1745 265 1857 302 debet
1883 263 1953 302 illa
1971 279 2047 304 esse
2067 269 2169 319 prior
2185 282 2196 314 ;
2226 277 2266 305 ut
2295 270 2398 306 enim
2413 281 2517 307 com·

1406 333 1521 358 mune
1550 318 1664 355 habet
1693 317 1847 355 effatum
1865 346 1877 366 ,
1902 325 2062 370 operari
2091 324 2263 371 sequitur
2289 320 2347 359 ad
2374 334 2483 360 esse.

1463 385 1527 411 21.
1557 371 1696 423 Resp.,
1744 369 1894 408 Patrem
1921 385 1999 409 esse
2034 369 2363 423 priorem*Filio,
2410 374 2444 411 8(
2473 387 2519 412 u-

1406 433 1585 477 trumque
1613 424 1759 476 Spiritu
1788 431 1916 462 sancto
1943 427 2094 476 origine
2106 451 2122 473 -,
2164 425 2225 463 vel
2251 427 2412 476 ordine,
2440 440 2517 467 non

1407 487 1533 515 autem
1563 485 1767 528 tempore,
1796 477 1856 515 vel
1885 485 2036 514 natura
2050 490 2066 522 ,··
2094 478 2187 529 quia
2213 486 2349 517 natura
2377 490 2429 519 'est
2446 493 2517 518 nu-

1409 543 1515 567 mero
1532 530 1662 567 eadem
1691 530 1732 567 in
1747 530 1952 576 omnibus3
1983 531 2103 568 multo
2121 539 2248 567 autem
2277 531 2406 570 minus
2424 542 2519 571 tem-

1408 596 1526 634 pore,
1565 597 1656 620 cum
1685 594 1813 620 omnes
1841 583 1986 620 divinae
2016 582 2190 621 Personae
2230 584 2305 621 sint
2333 594 2483 623 aetern'ae
2504 610 2519 624 .

1406 635 1455 672 Et
1483 637 1637 686 insuper
1666 634 1750 672 haec
1770 637 2067 674 communicatio
2093 635 2218 674 libera
2246 650 2318 674 non
2348 647 2425 686 est,
2454 639 2519 677 secl

1406 687 1449 725 fit
1476 700 1524 725 ex
1552 689 1789 734 necessitate3
1818 689 1911 740 quia
1929 689 2111 740 perfectio
2138 689 2283 728 divinae
2313 701 2458 729 naturae
2479 705 2518 728 e-

1405 741 1526 791 xigit,
1557 751 1596 778 ut
1625 741 1754 789 Filio,
1784 740 1818 777 8(
1838 741 2003 792 Spiritui
2033 749 2159 779 sancto
2185 745 2516 790 communicetur-3

1405 791 1513 830 alteri
1541 794 1696 845 quidem
1725 807 1793 846 per
1833 793 2097 842 intellectum,
2145 793 2255 834 alteri
2292 805 2419 834 autem
2448 810 2517 848 pet

1405 845 1665 885 voluntat-em:
1694 845 1779 886 liaec
1807 847 1923 899 igitur
1942 849 2240 887 communicatio
2269 858 2411 888 aeterua
2439 862 2518 889 esse

1403 899 1543 938 debet.

1458 966 1523 991 22.
1552 954 1638 992 Inst.
1666 953 1801 992 tertio.
1844 951 1989 992 Saltem
2019 950 2152 1007 aliqua
2179 954 2304 1007 maior
2332 953 2517 1009 perfectio

1404 1004 1547 1043 relucet
1562 1008 1600 1044 in
1628 1020 1787 1059 persona
1805 1016 2007 1058 generante
2024 1038 2035 1056 ,
2065 1008 2098 1044 8(
2115 1009 2367 1060 producente,
2396 1024 2516 1063 quam

1403 1059 1446 1096 in
1470 1061 1626 1111 genita,
1673 1060 1708 1096 8(
1736 1062 1940 1112 producta3
1988 1070 2039 1099 est
2069 1064 2169 1100 enim
2199 1076 2403 1101 commune
2431 1076 2519 1116 pro-

1406 1111 1607 1163 loquium:
1636 1112 1787 1150 beatz'us
1816 1122 1874 1151 est
1902 1112 2023 1162 clare,
2052 1127 2174 1165 quam
2204 1119 2407 1165 accipere.

1459 1164 1523 1203 25.
1553 1165 1664 1218 Resp.
1694 1165 1942 1218 Proloquium
1985 1166 2082 1205 illud
2110 1168 2156 1205 de
2192 1181 2237 1204 eo
2265 1181 2343 1206 esse
2371 1168 2515 1208 intelli·

1386 1219 1563 1268 ‘gendum
1581 1246 1592 1266 ,
1621 1220 1689 1270 qui
1718 1219 1780 1256 dat
1807 1219 1956 1265 libere3
1984 1220 2094 1257 Pater
2113 1229 2239 1258 autem
2259 1230 2420 1260 aeternus
2439 1235 2517 1261 non

1401 1280 1555 1321 generat
1586 1270 1733 1308 Filium
1761 1271 1905 1319 libere,
1942 1272 2005 1309 sed
2033 1286 2102 1324 per
2129 1276 2379 1312 necessariam
2409 1290 2514 1314 ema-

1402 1326 1592 1361 nationem
1621 1332 1796 1361 naturae.
1833 1323 1892 1360 Ex
1921 1337 1997 1374 quo
2024 1327 2145 1362 etiam
2171 1325 2240 1373 fit,
2271 1336 2310 1363 ut
2339 1327 2464 1366 Filius
2492 1342 2516 1367 a

1402 1376 1512 1413 Patre
1541 1377 1622 1414 sine
1651 1376 1731 1413 ulla
1759 1376 2037 1428 dependentia,
2075 1386 2138 1414 aut
2166 1377 2399 1429 subjectione
2429 1394 2516 1432 pro·—

1402 1429 1538 1467 cedat.
1596 1429 1818 1480 Eademque
1860 1439 1912 1468 est
1941 1431 2037 1467 ratio
2072 1433 2321 1482 processionis
2350 1431 2517 1484 Spiritus

1400 1483 1524 1521 sancti
1545 1507 1556 1519 .
1585 1482 1795 1521 Nonnullae
1823 1481 1913 1521 aliae
1938 1482 2183 1522 difficultates
2209 1484 2447 1523 invenientur
2475 1500 2515 1524 a·

1405 1536 1484 1588 pud
1513 1535 1553 1573 S.
1584 1535 1724 1574 Thom.
1766 1544 1837 1574 art.
1867 1549 1900 1574 1.
1942 1538 2006 1574 cit.
2027 1536 2057 1573 Ι.
2088 1535 2129 1574 P.
2159 1551 2197 1590 q.
2221 1551 2314 1590 27.,
2361 1537 2395 1575 8(
2424 1538 2516 1578 Lib.

1406 1589 1477 1628 lV.
1510 1589 1624 1627 Cont.
1657 1588 1776 1628 Gent.
1805 1603 1891 1642 cap.
1918 1603 1978 1628 10.
2007 1589 2041 1625 &
2069 1604 2149 1643 seq.

1758 1693 2038 1735 CAPUT
2119 1693 2169 1735 ΙΙ.

1407 1802 1663 1852 Osterzditur,
1693 1802 1795 1841 duas
1822 1797 2104 1853 ‘tantummodp
2133 1814 2218 1840 esse
2246 1800 2400 1842 ‹lit-inas
2426 1816 2516 1854 pro·

1455 1861 1680 1904 cessiones,
1727 1857 1875 1894 scilicet
1902 1855 1990 1893 Fila·
2019 1869 2047 1892 α
2075 1855 2223 1905 Patre,
2270 1857 2320 1897 <9⁴
2349 1857 2516 1909 Spiritus

1455 1914 1587 1947 sancti
1615 1923 1643 1947 a
1671 1908 1815 1957 Patre,
1843 1909 1892 1950 ὅ)
1921 1908 2018 1947 Filio
2035 1935 2047 1947 .

1458 2015 1521 2061 24.
1536 1990 1649 2057 Hoc
1677 2015 1804 2068 primo
1833 2015 2003 2067 sequitur
2033 2027 2076 2053 ex
2105 2012 2290 2054 catholico
2319 2018 2517 2068 Augustis·

1400 2068 1508 2106 simas
1540 2068 1737 2107 Trinitatis
1765 2070 1965 2120 dogmate,
1995 2082 2072 2121 quo
2091 2077 2237 2107 certum
2259 2078 2338 2117 est,
2366 2079 2439 2108 tres
2460 2085 2516 2110 es-

1400 2135 1438 2158 se
1466 2122 1613 2159 divinas
1641 2135 1844 2173 personas,
1891 2135 1961 2159 nec
1992 2122 2149 2173 plures,
2187 2136 2254 2160 nec
2283 2124 2481 2174 pauciores
2503 2153 2515 2172 ,

1401 2187 1490 2225 quae
1519 2183 1716 2226 propterea
1745 2174 1889 2211 nonnisi
1917 2175 2011 2210 duas
2039 2176 2193 2224 exigunt
2229 2178 2481 2225 processiones
2502 2204 2515 2225 ,

1400 2226 1545 2265 scilicet
1574 2226 1670 2265 Filii
1697 2241 1720 2264 a
1747 2225 1855 2264 Patre
1872 2254 1883 2274 ‚
1920 2224 1954 2261 8(
1983 2226 2149 2278 Spiritus
2177 2228 2298 2266 sancti
2326 2241 2349 2265 a
2375 2227 2483 2267 Patre
2503 2256 2516 2278 ,

1403 2279 1437 2316 ὅ(
1467 2279 1598 2318 Filio.

1457 2331 1524 2372 25.
1554 2331 1700 2371 Deinde
1729 2330 1898 2384 idipsum
1926 2331 2108 2385 probatur
2137 2347 2158 2370 a
2179 2331 2219 2371 S.
2240 2330 2392 2372 Tlioma
2411 2335 2442 2373 Ι.
2471 2333 2514 2374 P.

1402 2400 1441 2439 q.
1465 2399 1528 2439 27.
1558 2396 1627 2424 art.
1651 2386 1688 2425 5.
1719 2385 1791 2423 hac
1820 2387 1965 2424 ratione
1983 2412 1993 2424 .
2035 2387 2133 2424 Cum
2164 2388 2351 2438 processio
2386 2389 2428 2425 in
2456 2388 2517 2426 di-

1401 2441 1499 2479 vinis
1528 2453 1602 2478 non
1632 2441 1705 2489 sit,
1731 2439 1808 2476 ‘nisi
1837 2439 2044 2477 secundum
2074 2441 2287 2487 actionem,
2316 2453 2404 2492 quae
2435 2454 2517 2479 ma-

1403 2503 1466 2532 net
1496 2496 1533 2532 in
1563 2494 1647 2545 ipso
1667 2501 1796 2545 agente
1813 2521 1824 2541 ,
1854 2506 1917 2530 seu
1937 2520 1947 2540 ,
1978 2502 2019 2530 ut
2039 2492 2264 2531 Scholastici
2283 2492 2517 2545 loquuntur,
2570 2508 2573 2509 ⁷

1402 2547 1612 2585 secundum
1641 2549 1826 2586 actionem
1856 2545 1910 2583 ad
1931 2550 2063 2594 intra,
2092 2554 2142 2584 tot
2162 2545 2300 2584 debent
2328 2560 2404 2584 esse
2432 2560 2520 2598 pro-

1404 2602 1612 2648 cessiones,
1641 2609 1732 2653 quot
1761 2608 1845 2639 sunt
1875 2600 2066 2645 actiones3
2095 2600 2182 2637 duae
2212 2608 2339 2637 autem
2369 2601 2407 2637 in
2435 2599 2520 2636 Deo

1408 2663 1492 2690 sunt
1521 2654 1706 2691 actiones:
1735 2666 1872 2704 nempe
1900 2651 2165 2704 intelligendi,
2196 2652 2230 2689 &
2259 2651 2430 2691 volendi:
2461 2665 2519 2690 er·

1409 2719 1455 2756 go
1483 2705 1626 2758 duplex
1657 2708 1772 2744 etiam
1803 2720 1878 2744 esse
1908 2705 2018 2744 debet
2047 2707 2262 2758 processiO,
2306 2705 2423 2743 altera
2452 2716 2520 2756 per

1410 2758 1664 2808 intellectum,
1712 2773 1757 2797 ex
1785 2773 1862 2811 qua
1889 2768 2090 2810 generatur
2122 2759 2267 2806 Filius,
2304 2756 2420 2795 altera
2450 2770 2517 2807 per

1407 2812 1661 2861 voluntatem,
1693 2813 1789 2850 unde
1810 2813 2030 2864 producitur
2048 2813 2214 2865 Spiritus
2227 2820 2395 2848 sanctus.
2424 2809 2517 2848 Vid-

1410 2863 1450 2901 S.
1481 2864 1647 2903 Thomas
1675 2875 1744 2903 art.
1768 2865 1805 2903 5.

1467 2915 1529 2954 26.
1559 2918 1651 2970 Obj.
1681 2920 1808 2971 primo
1827 2945 1836 2956 .
1885 2917 2063 2957 Facultas
2100 2914 2335 2966 intelligendi
2366 2916 2405 2952 in
2435 2914 2517 2952 Deo

1407 2984 1429 3006 a
1460 2969 1634 3009 facultate
1663 2972 1814 3010 volendi
1843 2985 1917 3008 non
1946 2970 2208 3019 distinguitur:
2246 2980 2332 3019 ergo
2359 2981 2430 3006 nec
2459 2969 2517 3006 di-

1409 3023 1547 3073 stingui
1578 3033 1695 3075 potest
1723 3023 1865 3075 duplex
1894 3024 2106 3074 processio.

1466 3088 1529 3124 27.
1561 3076 1671 3128 Hesp.
1689 3106 1700 3124 ,
1731 3075 1963 3113 intellectum
1981 3102 1991 3122 ,
2040 3074 2073 3110 &
2103 3072 2338 3111 voluntatem
2366 3074 2406 3111 in
2434 3072 2516 3110 Deo

1410 3140 1484 3164 non
1513 3129 1718 3180 distingui,
1748 3129 1934 3174 realiter,
1982 3127 2159 3178 distingui
2189 3137 2314 3165 tamen
2343 3126 2515 3164 virtuali-

1411 3189 1470 3218 ter
1485 3195 1499 3224 ,-
1528 3183 1629 3231 quod
1649 3181 1788 3219 sufficit
1805 3210 1815 3227 ,
1846 3189 1886 3217 ut
1914 3179 2054 3232 duplex
2076 3181 2162 3217 inde
2184 3182 2367 3232 processio
2394 3177 2514 3216 resul-

1412 3242 1489 3280 tet,
1518 3233 1552 3268 8(
1581 3235 1656 3272 duo
1678 3234 1885 3271 habeantur
1914 3234 2068 3270 termini
2089 3233 2328 3272 subsistentes
2355 3247 2378 3270 a
2404 3245 2441 3268 se
2456 3231 2515 3267 in-

1412 3287 1537 3327 vicem
1554 3316 1565 3336 ,
1595 3286 1629 3322 8(
1657 3302 1679 3325 a
1707 3287 1817 3325 Patre
1845 3286 1995 3325 realiter
2024 3286 2218 3336 distincti,
2246 3294 2398 3341 propter
2429 3296 2514 3321 mu·-

2352 3346 2458 3375 tuam

2570 3350 2574 3438 f
