2577 3633
257 136 346 175 218

198 212 471 255 remitteretur,
503 208 646 248 factum
675 206 756 258 fam
784 216 860 245 erat
889 206 1140 245 irrevocabile
1169 221 1297 260 repro·

194 263 359 302 bationis
370 262 562 301 decretum
580 275 590 307 3
610 262 710 299 unde
725 261 968 315 consequitur
988 261 1189 313 permissio
1209 274 1298 315 pec-

191 315 263 354 cati
281 344 293 361 ,
322 313 355 352 δε
385 315 424 351 in
453 326 497 350 eo
525 313 745 354 derelictio.

247 367 339 412 504.
369 368 481 412 Dices
501 368 666 406 secundo
686 393 696 405 .
726 367 768 405 Si
796 374 994 418 peccatum
1022 365 1203 417 originale
1224 368 1296 406 fuit

193 433 306 460 causa
350 420 621 470 reprobationis
656 422 768 457 etiam
798 423 836 457 in
864 421 938 466 iis,
982 420 1021 457 in
1057 419 1197 471 quibus
1225 433 1295 472 per

190 472 425 523 baptismum
454 473 656 511 delendum
685 481 788 519 erat,
837 471 1052 523 reprobatio
1087 480 1211 510 autem
1241 482 1295 511 est

193 540 306 563 causa
335 527 597 576 permissionis
636 528 809 576 peccati,
857 525 1055 563 manifeste
1096 528 1293 577 sequitur,

192 587 394 632 peccatum
439 578 623 629 originale
651 578 769 617 etiam
797 579 837 615 in
866 580 1003 618 renatis
1032 592 1111 616 esse
1138 592 1293 619 causam

191 631 446 683 denegationis
474 632 605 682 gratiae
624 659 635 677 ,
683 629 716 667 δι
745 632 1004 683 permissionis
1041 633 1212 683 peccati3
1256 641 1297 669 ut

192 686 296 724 enim
316 684 425 721 habet
445 683 754 735 philosophicum
774 683 974 735 adagium,
1004 683 1105 735 quoii
1125 694 1181 721 est
1201 697 1296 723 cau-

190 750 239 775 sa
268 749 432 784 caus-ce„
468 745 524 776 est
555 749 683 775 causa
711 741 894 777 causati.
935 739 1034 777 Cum
1063 737 1190 789 itaque
1217 738 1295 775 dici

190 803 267 828 non
298 790 429 841 possit,
460 798 659 842 peccatum
687 790 876 843 originale
904 792 944 829 in
973 792 1136 839 renatis,
1167 790 1199 827 ὃ(
1232 789 1293 840 ju-

188 841 356 880 stificatis
384 856 461 881 esse
490 856 644 883 causam
672 843 927 896 denegationis
946 845 1076 895 gratiae
1095 875 1106 893 ,
1135 858 1179 883 ac
1207 857 1292 897 per·

188 896 381 937 missionis
409 897 578 948 peccati,
604 910 731 949 neque
756 898 834 936 dici
862 906 979 950 potest
1009 897 1079 936 διο.

243 948 335 986 505.
365 948 479 1000 Resp.
508 963 593 1000 neg.
622 949 843 1002 sequelam:
884 951 1207 1003 quemadmodum
1238 963 1294 988 se-

190 1000 304 1090 ‹ILuela
345 1014 421 1040 non
463 1003 750 1051 admitteretur,
797 1004 828 1042 si
856 1005 942 1055 quis
988 1005 1041 1042 ita
1077 1003 1292 1055 colligeret:

221 1063 392 1093 eccatum
420 1055 605 1107 originale
634 1056 706 1093 fuit
733 1058 882 1095 occasio
902 1086 913 1105 ,
943 1058 1065 1095 immo
1091 1058 1204 1094 etiam
1226 1070 1294 1093 suo

190 1108 304 1144 morlo
346 1121 490 1155 causa,
534 1117 574 1145 ut
615 1108 787 1148 Christus
828 1111 1187 1161 praedestinaretur3
1229 1110 1293 1149 sed

190 1161 469 1211 praedestinatio
488 1161 627 1200 Christi
655 1163 728 1200 fuit
756 1177 868 1201 causa
898 1172 1032 1201 nostrae
1053 1163 1295 1213 praedestina-

190 1214 330 1258 tionis3
375 1227 463 1265 ergo
493 1223 690 1266 peccatum
719 1216 905 1267 originale
934 1215 1008 1253 fuit
1035 1218 1204 1264 occasio,
1234 1215 1295 1254 vel

188 1279 302 1304 causa
331 1277 466 1305 nostrae
497 1268 831 1318 praedestinationis
851 1298 861 1315 ,
891 1282 980 1323 quae
1009 1277 1110 1307 certe
1137 1268 1295 1307 conclu-

190 1320 245 1356 sio
273 1318 368 1357 falsa
404 1321 558 1359 omnino
586 1329 663 1358 est.
705 1320 907 1358 Peccatum
948 1323 1067 1372 igiturv
1109 1320 1295 1372 originale

190 1372 263 1408 ,fuit
294 1373 420 1422 prima
449 1386 564 1410 causa
592 1372 868 1423 reprobationis
896 1374 1012 1411 etiam
1041 1386 1174 1411 eorum
1196 1403 1207 1420 ‚
1254 1375 1296 1411 in

188 1424 330 1475 quibus
358 1425 626 1463 dimittendum
655 1423 760 1469 erat3
790 1425 984 1463 decretum
1012 1434 1139 1463 autem
1166 1438 1296 1477 repro-

186 1476 351 1514 bationis
379 1491 491 1514 causa
521 1477 592 1514 fuit
623 1478 885 1529 permissionis
927 1480 1096 1530 peccati:
1141 1492 1211 1516 nec
1240 1487 1297 1516 ta-

186 1543 273 1567 snen
307 1540 502 1581 propterea
529 1530 606 1568 dici
628 1541 765 1582 potest,
795 1540 994 1582 peccatum
1014 1530 1196 1583 originale
1215 1531 1297 1583 jam

185 1582 387 1622 dimissum
415 1597 493 1621 esse
529 1597 682 1621 causam
712 1585 973 1636 permissionis
1013 1586 1185 1636 peccati,
1232 1592 1298 1623 aut

187 1635 227 1672 in
257 1637 378 1687 ipsam
409 1637 695 1688 permissionem
727 1637 938 1675 virtualiter
975 1637 1165 1686 influere,
1208 1651 1297 1690 quae

186 1696 256 1726 tota
287 1688 336 1726 ab
366 1689 605 1728 immutabili
634 1691 911 1741 reprobationis
939 1691 1087 1728 decreto
1115 1690 1251 1741 pendet
1268 1716 1280 1728 .

245 1741 336 1779 306.
368 1743 530 1780 Axioma
559 1751 686 1779 autem
728 1742 825 1779 iilud
867 1742 1178 1793 philosophicum
1207 1752 1299 1780 tunc

190 1792 312 1832 solum
340 1793 509 1840 obtinet,
552 1794 706 1845 quando
733 1796 831 1832 inter
868 1795 1060 1845 primam,
1103 1793 1137 1833 8<
1167 1809 1298 1832 secun-

189 1848 278 1884 dam
309 1860 464 1883 causam
494 1845 599 1883 nulla
629 1847 809 1898 contingit
839 1848 1027 1893 variati03
1068 1861 1112 1885 ac
1141 1848 1298 1898 proinde

190 1899 361 1951 primurn
393 1900 443 1939 ita
471 1908 522 1935 est
552 1913 663 1936 causa
693 1900 848 1937 secundi
867 1929 877 1947 ,
907 1909 946 1937 ut
975 1900 1182 1938 secundum
1215 1913 1299 1951 pro-

191 1953 304 1991 ducat
334 1966 449 1989 suum
485 1951 659 1991 effectum
703 1966 747 1989 ex
778 1954 816 1993 vi
845 1955 983 2004 primae
1028 1967 1180 1998 causae3
1224 1966 1300 1993 non

191 2014 319 2042 autem
350 2006 379 2041 si
410 2004 542 2057 aliqua
571 2006 731 2043 variatio
760 2007 969 2056 contingat,
999 2015 1153 2057 propter
1181 2020 1300 2057 quam

192 2071 306 2096 causa
335 2058 459 2108 prima
491 2070 566 2097 non
596 2057 763 2108 amplius
792 2057 927 2096 influat
956 2060 994 2097 iu
1015 2058 1189 2096 effectum
1211 2073 1301 2097 cau—

195 2124 246 2148 sae
264 2110 459 2148 secuudae.
489 2110 553 2149 Sic
568 2123 626 2147 ex.
643 2124 700 2161 gr.
730 2112 760 2148 si
785 2109 937 2159 Petrus,
968 2119 1168 2164 postquam
1186 2110 1304 2150 Paulo

195 2165 310 2201 suasit
339 2163 486 2212 furari,
529 2163 727 2201 consilium
758 2173 896 2211 mutet,
939 2163 973 2202 ἆ
1002 2164 1121 2202 Paulo
1149 2167 1304 2204 suadeat

195 2229 271 2254 non
301 2216 470 2267 amplius
497 2216 642 2254 furari:
685 2219 715 2254 si
746 2219 813 2255 iste
841 2216 1096 2256 nihilominus
1124 2219 1272 2257 furetur
1293 2249 1305 2268 ,

194 2283 266 2307 non
296 2271 427 2320 poterit
456 2270 601 2307 furtum
630 2269 751 2309 tribui
780 2270 888 2308 Petro
908 2301 919 2319 ,
948 2271 1134 2319 dicendo,
1176 2271 1306 2311 Petrus

196 2323 267 2360 fuit
297 2336 409 2360 causa
430 2352 442 2372 ,
480 2332 521 2360 ut
550 2322 724 2362 voluntas
751 2322 862 2364 Pauli
891 2325 937 2362 ad
966 2325 1172 2363 furandum
1201 2327 1306 2367 exci-

194 2384 358 2414 taretur:
391 2376 461 2413 fuit
491 2389 579 2427 ergo
607 2390 720 2418 causa
751 2377 874 2426 furti,
904 2378 1005 2430 quod
1034 2392 1234 2430 nunquam
1265 2381 1307 2421 in

193 2438 355 2466 :mentem
378 2427 486 2466 Pauli
508 2430 667 2468 venisset
688 2460 700 2477 ,
729 2433 802 2470 nisi
832 2439 1052 2483 suggerente
1072 2430 1202 2479 Petr03
1234 2446 1306 2471 non

194 2482 356 2533 :inquam
375 2480 483 2522 Petro
510 2492 627 2534 posset
649 2483 765 2524 tribui
788 2485 933 2523 furtum
949 2514 960 2532 ,
989 2485 1169 2524 dicendo:
1203 2485 1307 2537 quod

197 2545 255 2572 est
283 2548 412 2575 causa
440 2548 607 2585 causae,
635 2546 691 2574 est
708 2549 834 2579 causa
855 2542 1012 2577 causati
1031 2538 1118 2578 &a
1147 2550 1306 2593 propter

199 2591 449 2627 mutationem
478 2598 672 2628 secutam.
716 2591 771 2629 lta
801 2593 839 2632 in
869 2605 958 2630 casu
988 2601 1138 2630 nostro:
1169 2606 1305 2643 pecca-

200 2649 283 2677 tum
310 2641 494 2692 originale
523 2643 594 2683 fuit
616 2657 727 2684 causa
748 2646 1056 2697 reprobationis,
1084 2660 1173 2699 quae
1201 2663 1222 2685 a
1239 2660 1307 2685 no*

199 2692 263 2731 bis,
290 2694 385 2731 facta
416 2697 637 2747 supponitur
679 2707 766 2736 ante
800 2697 1032 2738 voluntatem
1053 2694 1055 2697 ¹
1077 2701 1307 2740 concedendi

200 2746 374 2797 reprobis
403 2749 564 2798 gratiam
594 2750 858 2803 baptismatis.
901 2752 1015 2793 Unde
1043 2763 1241 2804 peccatum
1269 2767 1309 2791 o·

201 2799 362 2850 riginale
391 2814 458 2852 per
499 2800 731 2853 baptismum
774 2807 926 2857 penitus
964 2806 1185 2855 sublatum,
1232 2820 1310 2846 non

204 2851 371 2903 amplius
401 2863 515 2905 potest
536 2868 612 2892 esse
633 2869 745 2895 causa
775 2861 1029 2910 permissionis
1051 2862 1216 2910 peccati,
1247 2875 1318 2913 per>

204 2906 306 2956 quod
334 2907 520 2958 reprobus
545 2908 770 2957 damnetur,
816 2912 881 2951 sed
910 2913 1145 2968 baptismum
1186 2914 1316 2953 subse-

210 2970 324 3010 quens
354 2973 427 2998 non
456 2960 579 3008 tollit,
622 2976 692 3000 nec
722 2974 841 3005 mutat
870 2967 1149 3018 reprobationis,
1186 2968 1315 3011 decre-

206 3017 288 3049 tum
307 3039 319 3057 ,
347 3025 391 3048 ex
421 3026 496 3063 quo
526 3018 724 3065 permissio
751 3020 897 3068 peccati
926 3022 1067 3058 oritur.

261 3054 354 3114 307.
383 3064 470 3107 Alia
498 3078 549 3105 est
580 3070 693 3111 etiam
740 3071 910 3113 difficilis
948 3071 1065 3130 hujus
1092 3072 1320 3130 objectionis

267 3224 316 3263 (a)
342 3218 464 3253 Videri
491 3221 557 3256 hac
581 3223 621 3259 de
648 3237 682 3258 re
701 3239 843 3271 possunt
868 3233 1075 3277 insigniores
1093 3236 1325 3272 Annustinta-

215 3278 266 3302 1)ae
293 3266 424 3302 Schola:
454 3268 644 3313 Theologi‚
681 3283 718 3304 ut
745 3276 848 3307 Car-(l.
875 3279 1033 3313 Nor-isius
1073 3282 1107 3314 in
1141 3265 1322 3317 ln'indiciis

219 3314 369 3359 August.
395 3324 471 3361 cap.
497 3314 557 3362 4².
588 3318 619 3350 δι
645 3317 680 3351 Ρ.
707 3319 812 3353 Laut.
837 3322 933 3358 Beni
958 3326 1037 3361 Lib.
1061 3327 1123 3364 Vl.
1148 3331 1192 3364 de
1217 3329 1323 3367 theol.

937 128 1341 174 DISSERTATIO
1374 129 1449 173 VI.
1483 129 1610 171 CAP.
1643 128 1724 170 IX.

1362 207 1496 245 solutio
1507 238 1516 254 ,
1537 221 1613 259 qua
1630 203 1867 257 potissimum
1883 205 2169 257 Augustinianae
2184 206 2322 247 scholae
2336 208 2469 248 Theo-

1363 259 1439 312 logi
1468 262 1521 298 uti
1552 259 1695 303 solent3
1737 257 1914 296 videlieet
1942 270 2140 310 peccatum
2167 261 2379 314 originale,
2408 270 2468 301 ut-

1364 323 1403 350 ut
1430 313 1657 365 baptismate
1686 311 1836 363 penitus
1862 310 2027 349 deletum
2045 341 2055 360 ,
2093 328 2250 354 causam
2277 330 2354 353 esse
2383 328 2469 365 pos.

1364 379 1404 404 se
1432 364 1712 416 permissionis,
1756 371 1795 400 ut
1841 361 1994 415 reprobi
2023 378 2046 401 a
2073 365 2219 415 justitia
2263 368 2468 415 decidant,

1362 432 1516 456 causam
1533 447 1544 465 ,
1573 418 1730 468 inquam
1748 445 1758 461 ,
1788 427 1863 453 uon
1890 428 1957 467 per
1984 429 2049 464 se,
2077 417 2169 469 quia
2196 428 2273 453 non
2301 417 2471 470 ampliu!

1363 471 1508 518 existit,
1539 470 1600 507 sed
1619 481 1689 519 per
1708 466 1896 516 effectum
1913 497 1925 516 ,
1953 482 2091 523 nempe
2112 482 2178 522 per
2197 472 2471 521 concupiscen-

1363 525 1453 561 tiam
1471 553 1482 571 ,
1512 537 1599 574 quae
1629 522 1744 560 etiarn
1773 522 1813 558 in
1842 522 1979 559 renatis
2008 530 2200 574 superest.
2239 521 2337 559 Haec
2365 524 2474 563 enim

1360 576 1661 628 concupiscentia
1689 588 1779 612 cum
1810 582 1993 625 perpetuo
2019 575 2066 613 ad
2096 575 2337 627 peccandum
2355 574 2474 613 solli-

1362 629 1480 676 citet,
1513 631 1573 666 vix
1592 658 1602 676 ,
1645 642 1690 666 ac
1720 640 1764 664 ne
1793 628 1857 665 vix
1886 627 2043 678 quidem
2071 627 2158 667 fieri
2186 637 2330 681 potest,
2375 628 2472 681 quit!

1362 679 1534 721 homines
1562 682 1677 719 etiam
1707 679 1797 731 justi
1817 692 1892 718 non
1921 678 2127 731 aliquando
2148 684 2381 731 vincantur,
2412 682 2472 720 ni-

1361 735 1391 772 si
1422 748 1481 772 eos
1523 735 1773 773 fortissimum
1801 732 1876 771 Dei
1918 733 2138 782 arixilium,
2179 735 2281 789 quod
2324 735 2472 778 nemini

1359 787 1532 826 debitum
1561 797 1639 837 est,
1683 789 1723 825 in
1753 785 1897 838 justitia
1926 796 2211 839 perseveranter
2249 796 2474 828 conservet.

1359 842 1491 888 Quare
1517 850 1644 880 autem
1674 840 1744 880 hoc
1772 838 1937 892 speciale
1967 837 2158 878 auxilium
2186 840 2293 878 Deus
2329 839 2475 892 aliqui-

1359 893 1432 932 bus
1461 894 1640 946 deneget,
1683 907 1759 932 nou
1789 893 1973 941 aliunde,
2011 906 2129 945 quam
2160 892 2209 932 ab
2239 901 2379 930 aeterno
2409 904 2478 931 eo·

1360 960 1446 985 rum
1476 948 1751 999 reprobationis
1777 947 1928 986 decreto
1956 947 2078 1002 repeti
2106 954 2258 1002 potest,
2288 955 2329 986 ut
2356 958 2475 1002 supra.

1360 1000 1593 1052 explicatum
1622 1011 1673 1039 est
1704 1001 1767 1052 (a)
1788 1026 1798 1038 .

1414 1053 1507 1093 508.
1537 1054 1650 1093 Dices
1679 1055 1808 1091 tertio,
1837 1051 1879 1090 S.
1901 1051 2132 1104 Augustinus
2161 1052 2211 1092 de
2238 1052 2474 1105 corrept.&

1357 1116 1466 1160 grat.
1495 1121 1580 1158 cap.
1600 1107 1639 1146 8.
1669 1107 1884 1158 expendens
1905 1106 2014 1143 istam
2044 1107 2169 1156 ipsam
2190 1108 2470 1159 quaestionem‚

1361 1174 1431 1199 cur
1460 1160 1562 1198 Deus
1592 1161 1637 1198 iis
1668 1160 1989 1212 perseverantiam
2037 1159 2244 1210 aliquando
2273 1172 2348 1198 non
2376 1160 2438 1197 det
2460 1188 2474 1208 ,

1361 1214 1501 1266 quibus
1530 1212 1645 1251 fidem
1664 1243 1674 1260 ,
1705 1212 1738 1249 δε
1766 1211 2008 1249 dilectionem
2038 1211 2213 1259 dederat,
2241 1225 2318 1251 non
2340 1213 2477 1250 confu-

1361 1269 1415 1318 git
1443 1267 1489 1304 ad
1520 1279 1649 1303 eorum
1680 1263 1983 1314 reprobationem
2014 1264 2154 1300 intuitu
2183 1266 2328 1313 peccati
2358 1265 2479 1316 origi-

1363 1319 1458 1357 nalis
1486 1319 1649 1364 factam,
1679 1316 1742 1354 sed
1771 1315 1818 1353 ad
1850 1313 2114 1352 inscrutabilia
2143 1313 2292 1364 judicia
2320 1315 2424 1353 Dei.

1417 1372 1509 1422 509.
1541 1370 1653 1421 Hesp.
1682 1368 1723 1407 S.
1752 1368 1961 1406 Doctorem
1990 1365 2109 1406 simul
2139 1366 2172 1402 8t
2203 1367 2250 1406 ad
2282 1367 2483 1420 profundi-

1361 1431 1474 1462 tatem
1517 1421 1751 1474 judiciorum
1780 1421 1884 1468 Dei,
1927 1420 1961 1456 ἃ
1990 1421 2035 1458 ad
2077 1419 2384 1471 reprobationem
2417 1433 2480 1458 eo-

1363 1477 1525 1515 rundem
1548 1506 1558 1524 ,
1589 1485 1769 1528 tanquam
1798 1475 1846 1513 ad
1875 1487 2028 1512 causam
2046 1503 2059 1520 ,
2086 1474 2318 1525 confugere,
2348 1487 2478 1526 neque

1364 1531 1467 1568 enim
1499 1544 1618 1568 unum
1648 1529 1752 1567 aliud
1782 1527 1983 1565 excludit.
2027 1526 2177 1565 ibidem
2205 1540 2293 1580 cap.
2312 1539 2352 1579 9.
2383 1536 2481 1566 totus

1365 1593 1448 1632 est,
1478 1593 1518 1621 ut
1545 1584 1710 1621 ostendat
1737 1590 1867 1619 contra
1889 1579 2110 1631 Pelagianos
2138 1592 2318 1628 causam,
2349 1593 2419 1618 cur
2439 1596 2483 1619 a-

1365 1636 1464 1689 liqui
1494 1638 1532 1674 in
1579 1636 1725 1688 justitia
1760 1642 2025 1685 perseverent,
2073 1646 2151 1671 esse
2179 1635 2269 1686 quia
2295 1630 2375 1672 filii
2407 1632 2482 1673 Dei

1365 1699 1449 1727 sunt
1476 1691 1516 1727 iu
1545 1689 1773 1726 memoriale*
1802 1687 1934 1725 Patris
1980 1691 2220 1725 inconcussa.
2263 1684 2484 1726 stabilitate

1366 1745 1577 1792 conscripti
1590 1755 1606 1785 ‚·
1635 1753 1790 1778 causam
1819 1752 1937 1786 vem,
1965 1752 2035 1777 ew·
2062 1740 2154 1778 aliis
2172 1737 2281 1791 filiis
2296 1738 2374 1775 Dei
2393 1752 2483 1790 per-

1365 1795 1576 1832 severantia
1604 1806 1677 1832 non
1706 1793 1863 1829 donetur
1883 1820 1894 1839 ,
1924 1804 2028 1840 esse,
2057 1792 2150 1846 quia
2180 1801 2286 1829 erant
2318 1793 2480 1843 quidem

1365 1860 1410 1884 ex
1439 1847 1685 1885 multitudine
1714 1853 1933 1884 vocatorum
1953 1875 1963 1893 ,
1992 1857 2038 1882 ex
2066 1844 2272 1884 electorum
2294 1845 2488 1897 paucitate

1366 1913 1439 1936 non
1471 1900 1650 1938 fuerunt.
1694 1898 1824 1945 Quare
1853 1907 1979 1936 autem
2009 1911 2055 1935 ex
2085 1897 2156 1935 hac
2186 1907 2378 1949 paucitate
2408 1910 2488 1941 nou

1368 1953 1536 2001 fuerint,
1566 1949 1835 1991 inscrutabilia
1864 1960 1950 1989 sunt
1980 1949 2127 2001 judicia
2157 1949 2232 1989 Dei
2257 1977 2267 1988 .

1424 2006 1515 2044 510.
1544 2006 1879 2058 Supervacaueurn
1908 2017 1999 2043 vero
2020 2013 2111 2056 puto
2140 2003 2270 2043 multis
2298 2004 2426 2044 verbis
2444 2019 2487 2044 ae-

1369 2057 1563 2111 ]iquorum
1593 2057 1819 2112 scrupulum
1840 2071 2059 2104 removere,
2089 2056 2231 2111 quibus
2260 2058 2388 2096 visum
2410 2066 2487 2107 est,

1370 2112 1543 2164 aliquam
1590 2113 1687 2150 inter
1727 2120 1922 2158 nostram,
1970 2110 2004 2146 δε
2032 2109 2302 2161 blasphemam
2332 2110 2488 2149 Calviui

1371 2167 1590 2203 sententiam
1619 2165 1666 2203 de
1712 2164 1975 2216 reprobatione
2017 2162 2242 2203 affinitatem
2291 2163 2486 2202 inveniri.

1371 2219 1552 2258 Calvinus
1580 2220 1687 2256 enim
1712 2217 1898 2268 originale
1941 2224 2140 2269 peccatum
2184 2213 2361 2254 effectum
2406 2228 2488 2255 esso

1372 2272 1647 2324 reprobationis
1667 2270 1815 2312 dicebat
1832 2284 1842 2315 ;
1871 2283 1936 2307 nos
1956 2277 2085 2306 autem
2104 2269 2269 2309 dicimus
2297 2283 2375 2308 esse
2397 2283 2490 2308 cau-

1374 2340 1453 2363 sam
1471 2353 1480 2363 .
1510 2325 1692 2364 Calvinus
1721 2324 1892 2361 homiues
1911 2323 1958 2361 ad
1989 2331 2144 2374 peccata
2175 2323 2441 2374 praedestinari
2463 2337 2489 2362 a

1374 2378 1480 2427 Deo,
1511 2378 1544 2414 8<
1573 2378 1721 2431 impelli
1751 2375 2069 2428 blasphemabat:
2115 2388 2182 2413 nos
2212 2388 2301 2415 vero
2331 2384 2491 2427 peccata.

1373 2431 1497 2471 solum
1524 2448 1547 2470 a
1577 2432 1657 2470 Deo
1685 2431 1855 2483 permitti
1883 2429 2062 2469 docemus
2083 2454 2094 2466 .
2136 2427 2323 2467 Calvinus
2353 2442 2489 2481 pecca-

1374 2494 1454 2524 tum
1483 2485 1672 2538 originale
1699 2484 1896 2536 baptizatis
1916 2483 2039 2520 solum
2069 2495 2147 2521 nou
2166 2482 2379 2534 imputari,
2410 2494 2488 2522 non

1373 2549 1497 2577 autem
1528 2553 1643 2586 vere,
1672 2552 1715 2576 ac
1744 2537 1893 2589 penitus
1921 2537 1970 2574 ab
2000 2537 2053 2573 eis
2083 2535 2191 2583 tolli,
2237 2544 2277 2572 ut
2306 2548 2374 2572 nos
2402 2548 2485 2572 cre-

1373 2594 1520 2641 dimus,
1563 2591 1849 2632 arbitrabatur.
1891 2589 2075 2628 Calvinus
2103 2589 2270 2640 denique
2300 2587 2483 2637 concupi-

1373 2649 1552 2687 scentiam
1588 2649 1628 2684 in
1657 2645 1795 2683 renatis
1824 2657 1957 2683 verum
1986 2657 2062 2680 esse
2100 2650 2299 2693 peccatum
2330 2649 2486 2677 conten-

1373 2700 1511 2746 debat3
1541 2714 1608 2738 nos
1636 2709 1761 2737 autem
1792 2711 1880 2736 cum
1911 2696 2059 2735 Sacros.
2080 2695 2191 2733 Trid.
2212 2693 2367 2746 Synodo
2395 2704 2484 2729 eam

1375 2765 1419 2789 ex
1451 2763 1601 2803 peccato
1629 2767 1735 2800 esse,
1778 2750 1810 2786 &
1839 2751 1887 2788 ad
1916 2759 2113 2802 peccatum
2162 2746 2376 2794 inclinare,
2418 2744 2486 2787 sed

1376 2808 1529 2861 proprie
1556 2820 1630 2848 non
1659 2819 1734 2845 esse
1762 2812 1985 2857 peccatum,
2013 2800 2267 2840 confitemur.

2318 3117 2438 3163 Prio-

1389 3233 1532 3277 discipl.
1553 3242 1627 3277 cap.
1649 3232 1701 3268 18.
1727 3233 1782 3267 Ex
1808 3228 1937 3264 nostris
1960 3235 2075 3262 autem
2099 3226 2277 3273 praecipue
2300 3226 2431 3263 consul.
2451 3224 2490 3258 P.

1392 3281 1544 3315 Thomas
1569 3278 1610 3310 ‹lt›
1631 3281 1751 3313 Lamos
1780 3280 1813 3311 in
1835 3277 1996 3320 Panoplia
2022 3279 2139 3320 gratia:
2163 3275 2284 3308 ‘ri-act.
2306 3271 2339 3315 4.
2364 3271 2405 3306 de
2431 3282 2490 3306 re<

1389 3328 1482 3373 prob.
1507 3338 1537 3360 c.
1566 3337 1619 3363 si.
1646 3329 1677 3361 ἀ
1702 3337 1773 3372 seq·
1799 3335 1904 3370 quern
1926 3333 2042 3371 presse
2067 3322 2178 3358 secuti
2201 3330 2321 3356 munus
2336 3339 2349 3355 ι.
