2577 3633
296 173 373 215 152

228 251 289 288 sed
320 251 357 286 111
384 258 492 284 sensu
512 243 757 284 distributivo
784 239 830 282 de
858 244 959 281 omni
990 243 1189 282 hominum
1219 257 1332 297 gene-

226 316 265 339 re
282 331 292 348 ,
321 309 507 353 quatenus
536 311 603 351 per
630 298 770 336 Christi
801 299 1011 349 passionem
1039 298 1217 335 omnibus
1244 313 1333 351 gen-

230 354 329 392 tibus
361 354 423 391 via
452 352 499 391 ad
528 350 688 390 salutem
718 351 907 403 patefacta
935 359 1019 387 est.
1049 351 1103 388 Ita
1132 351 1172 389 S.
1201 352 1334 398 Leonis

222 415 387 446 mentem
416 405 581 458 explicat
607 404 780 443 Ecclesia
810 402 1070 453 Lugdunensis
1101 404 1192 455 (a).

283 460 372 511 157.
402 459 478 497 01).
507 466 633 497 sexto.
682 457 721 495 S.
753 453 920 492 Thomas
957 455 1134 506 pluribus
1170 459 1210 496 iu
1238 457 1332 497 locis

222 512 416 552 Christum
461 525 530 563 pro
558 510 760 555 omnibus,
807 516 993 559 quantum
1032 511 1070 547 in
1100 511 1182 562 ipso
1207 521 1300 553 <erat
1319 541 1330 559 ,

223 576 417 604 mortuum
447 566 586 610 fuisse,
617 562 850 613 apertissime
878 559 1008 608 docet}
1050 572 1243 617 totamque
1272 578 1330 602 rzi-

222 621 364 657 tionem
383 649 392 667 ,
423 629 540 670 quare
569 615 651 652 haec
672 615 810 651 Christi
833 617 956 665 passio
984 617 1025 654 111
1052 619 1228 655 omuibus
1256 631 1329 655 non

222 670 361 710 habeat
390 672 563 708 effectum
582 698 592 714 ,
639 681 683 705 ex
714 666 792 704 sola
824 665 1023 706 hominum
1049 669 1243 708 ‘voluntate
1273 683 1329 707 re-

221 727 340 776 petit3
387 738 475 761 nam
504 722 542 759 in
571 721 660 759 Lib.
681 721 749 759 ΙΙΙ.
779 719 960 759 Sentent.
990 722 1074 761 dist,
1100 737 1163 761 20.
1194 733 1328 775 quaest.

224 791 258 815 1.
288 781 358 815 art'.
384 790 416 815 1.
446 775 673 828 quaestiunc.
699 789 732 812 1.
762 774 811 811 ad
843 772 887 812 2.’
907 775 1008 826 quod
1036 789 1176 813 omnes
1205 777 1329 814 bomi-

219 841 318 877 neS,
347 831 470 883 inquit
488 859 498 877 ,
528 841 608 865 non
628 836 892 878 reparentur,
922 841 1002 865 non
1031 837 1091 867 est
1119 843 1174 866 ex
1203 829 1327 882 insuf-

205 882 398 935 ficientia
415 881 626 920 medicinae
642 883 870 932 reparantis
885 909 895 928 ,
926 894 1016 919 cum
1038 887 1087 919 sit
1102 882 1300 931 sufficiens
1317 912 1327 931 ,

217 945 410 986 quantum
440 940 480 973 in
501 948 544 974 se
572 932 658 984 est,
689 935 743 972 ad
763 933 1036 984 reparandum
1067 949 1208 973 omnes
1226 967 1235 984 ,
1265 942 1329 987 qui

218 999 416 1027 naturam
433 988 658 1027 lzumanam
673 987 818 1026 liabent
835 1017 846 1036 ,
875 997 948 1025 aut
968 988 1112 1027 habere
1140 999 1301 1040 possunt
1319 1005 1332 1035 ‚·

221 1043 292 1080 secl
320 1057 372 1081 ex
393 1043 549 1094 defectu
565 1054 700 1080 eorum
720 1072 730 1089 ‚
759 1045 823 1092 qui
851 1046 1121 1091 reparationIS
1142 1042 1330 1091 effectum

217 1099 259 1133 z'n
287 1110 329 1134 se
358 1096 602 1146 impediunt.
655 1095 759 1133 Alibi
790 1099 915 1131 autem
948 1095 1143 1145 explicans
1172 1110 1215 1134 ea
1245 1110 1329 1133 ver-

215 1149 268 1187 ba
296 1149 450 1187 Christis
479 1149 589 1201 apud'
613 1147 753 1186 Matth.
775 1147 923 1185 XXVI.
966 1147 1045 1185 Hic
1075 1158 1133 1186 est
1161 1153 1327 1201 sanguis

215 1215 329 1240 meus
356 1206 444 1240 nori
473 1206 732 1250 testamenti,
780 1204 844 1251 qui
873 1213 941 1252 pro
981 1202 1110 1239 multis
1149 1201 1328 1250 effunde-

215 1263 306 1304 tur,
338 1257 458 1308 inquit
489 1257 527 1293 in
547 1256 787 1295 Comment.;
816 1260 867 1293 Θ
894 1266 963 1300 pro
992 1256 1154 1303 multis,
1182 1256 1231 1296 <9¹
1259 1269 1328 1306 pro
1354 1277 1356 1279 -

215 1307 427 1354 omnibus;
457 1312 550 1357 quia
578 1311 612 1344 si
641 1305 911 1345 consideretur
939 1307 1179 1355 sufficientia
1197 1339 1207 1356 ,
1245 1313 1327 1358 ipse

215 1370 274 1398 est
301 1364 526 1412 propitiatio
553 1373 624 1411 pro
651 1363 827 1410 peccatis
855 1365 1026 1408 nostris,
1070 1361 1119 1400 (9³
1148 1374 1228 1398 non
1255 1376 1325 1411 pro

213 1417 359 1451 nostris
387 1422 524 1450 autem
553 1422 742 1461 tantum,
785 1411 855 1449 secl
882 1412 931 1452 ἐς·
958 1425 1029 1462 pro
1057 1418 1172 1450 totius
1210 1428 1324 1451 mun-

214 1465 283 1504 di:
313 1465 383 1503 sed
413 1471 446 1504 si
475 1464 771 1503 consideremus
791 1462 1004 1513 effectum,
1034 1477 1114 1503 non
1135 1465 1251 1504 babet
1267 1466 1326 1519 ef-

200 1517 392 1571 sectum,
422 1522 499 1556 nisi
528 1523 569 1556 in
599 1517 680 1570 liis,
709 1522 773 1569 qui
801 1518 1040 1563 salmntur;
1085 1519 1136 1559 (ty
1165 1518 1236 1557 lioc
1266 1530 1325 1558 est

215 1585 269 1610 ex
297 1572 414 1623 culpa
443 1571 647 1610 bominum
665 1598 676 1610 .
724 1572 870 1610 Eadem
902 1574 1042 1624 saepius
1071 1576 1237 1624 repetit,
1285 1583 1326 1611 ut

213 1626 316 1664 Lect.
344 1639 377 1663 1.
407 1626 448 1663 in
478 1640 565 1678 cap.
583 1626 631 1663 11.
653 1637 713 1677 ep.
736 1638 768 1662 1.
797 1625 847 1662 ad
878 1624 1048 1664 Timoth.
1067 1656 1077 1674 ,
1108 1626 1213 1664 Lect.
1233 1628 1327 1666 2.111

212 1693 298 1732 esp.
321 1678 448 1716 XVII.
477 1678 517 1717 S.
547 1679 660 1716 Joan.
683 1679 720 1717 5.
751 1678 794 1715 Ρ.
823 1688 956 1729 quaest.
985 1692 1017 1716 1.
1047 1689 1118 1716 art.
1140 1680 1179 1724 4.
1211 1680 1281 1719 ἃς.

273 1731 362 1768 158.
393 1731 505 1781 Resp.
535 1731 751 1767 Hominum
781 1739 980 1781 peccatum
1000 1760 1010 1778 ,
1054 1733 1133 1768 sive
1161 1734 1326 1783 origina-

213 1782 278 1831 le,
308 1784 386 1820 sive
415 1782 562 1820 actuale
580 1813 591 1830 ,
620 1796 698 1820 esse
726 1795 877 1820 causam
897 1784 1110 1832 proximam
1130 1813 1140 1831 ,
1172 1793 1210 1820 ut
1239 1798 1325 1835 pas-

216 1837 272 1873 sio
299 1835 441 1873 Christi
471 1838 518 1873 sit
547 1837 588 1872 in
619 1834 750 1873 multis
780 1834 978 1882 inefficax,
1008 1849 1082 1873 11011
1112 1845 1237 1873 autem
1267 1851 1323 1874 es-

215 1902 253 1925 se
283 1897 395 1926 totam
426 1901 577 1926 causam
596 1918 607 1936 ,
637 1887 695 1926 vel
726 1890 921 1939 primam.
952 1888 992 1926 Si
1023 1890 1123 1926 enim
1154 1889 1324 1942 Christus

213 1941 391 1979 voluisset
411 1940 613 1979 efficaciter
643 1955 771 1978 omnes
786 1940 953 1987 salvari,
982 1942 1096 1978 etiam
1127 1942 1323 1990 voluisset,

217 2003 254 2031 ut
284 2003 384 2032 certe
413 2003 583 2046 poterat,
614 1994 663 2031 ab
692 1993 868 2031 omnibus
899 1993 1028 2031 tollere
1059 1993 1128 2032 hoc
1157 1996 1323 2046 impedi-

214 2057 410 2094 mentum,
440 2047 762 2098 quemadmodum
785 2045 881 2083 illud
911 2047 1062 2083 auferre
1092 2047 1211 2084 voluit
1241 2056 1321 2086 tum

215 2101 263 2138 ab
295 2099 507 2138 infantibus
536 2100 758 2150 baptizatis,
788 2107 869 2135 tum
899 2097 948 2135 ab
977 2098 1115 2137 adultis
1143 2113 1189 2136 ex
1218 2100 1321 2139 malo

216 2156 254 2190 ;‚,
282 2153 426 2190 1101111111
456 2153 674 2199 conversis,
723 2151 757 2187 ἃ
786 2153 1078 2204 perseverantiae
1108 2153 1204 2191 dono
1232 2166 1321 2192 con·

214 2206 400 2243 firmati<-
449 2206 503 2243 Ita
531 2201 760 2257 perspicue,
798 2203 831 2240 8<
862 2205 942 2242 sine
972 2204 1063 2243 ullis
1091 2206 1319 2258 ambagibus

173 2291 193 2297 c
214 2272 252 2295 se
281 2257 445 2310 explicat
476 2257 681 2310 Angelicus
710 2267 778 2309 qu.
801 2270 866 2309 29.
896 2257 944 2294 de
974 2261 1081 2296 verit.
1111 2268 1182 2297 art.
1205 2273 1241 2310 7.
1272 2261 1320 2299 ad

209 2312 249 2356 4.
280 2312 481 2364 inquiens:
502 2309 698 2349 'meritum
730 2309 896 2358 Ciu-isti,
927 2321 1124 2362 quantum
1153 2312 1208 2350 ad
1235 2313 1317 2364 suf-

197 2365 433 2418 ficientiam
451 2394 461 2413 ,
491 2365 699 2416 aequaliter
726 2378 768 2402 se
795 2363 913 2402 habet
941 2364 997 2402 ad
1024 2379 1192 2413 omnes,
1235 2380 1315 2404 non

210 2428 345 2456 autem
362 2422 556 2470 quantum
572 2417 628 2456 ad
648 2417 877 2467 efficaciam
893 2433 909 2463 ,-
938 2417 1040 2470 quod
1061 2418 1205 2456 accidit
1220 2433 1313 2469 par-

213 2476 283 2508 tim
313 2485 367 2509 ex
395 2470 513 2509 libero
542 2470 729 2519 arbitrio,
759 2475 909 2523 partim
937 2485 990 2508 ex
1010 2471 1142 2510 divina
1163 2473 1315 2511 electio-

211 2539 288 2574 ne,
316 2538 385 2575 per
412 2538 534 2575 quarn
563 2524 796 2575 quibusdam
819 2524 1121 2563 misericorditer
1150 2524 1315 2574 effectus

215 2582 442 2615 meritorum
486 2577 624 2616 Ctzrts'tz·
671 2578 901 2630 confertur,
947 2577 1180 2630 quibusdam
1227 2593 1315 2618 vero

207 2633 315 2682 justo
336 2631 486 2683 judicio
512 2630 778 2671 subtrahitur.
809 2632 856 2671 Et
876 2631 980 2670 Lect.
999 2631 1036 2672 5.
1065 2633 1104 2670 in
1123 2647 1209 2685 cap.
1225 2633 1315 2672 XII.

265 2770 313 2804 (a)
336 2766 375 2798 In
403 2765 480 2799 Lib.
505 2767 547 2799 de
574 2768 685 2800 tribus
714 2771 815 2812 epist.
843 2780 872 2802 c.
895 2778 975 2812 19.,
1000 2767 1061 2802 ubi
1087 2766 1223 2813 inquit:
1252 2768 1318 2804 Po-

213 2815 266 2844 nit
291 2813 435 2856 quaedam
460 2813 559 2846 verba
583 2813 624 2844 B.
650 2814 718 2847 Leo
745 2819 780 2847 in
817 2817 1012 2857 quibusdam
1039 2818 1246 2849 sermonibus
1270 2819 1318 2850 ad

213 2861 389 2901 populum,
414 2870 455 2890 ex
483 2860 599 2903 quibus
616 2863 768 2894 nonnulli
795 2865 846 2894 vel
869 2866 978 2894 minus
992 2863 1208 2895 attendentes
1227 2884 1238 2903 ,
1266 2865 1317 2897 vel

214 2908 322 2937 minus
341 2906 580 2949 intelligentes
597 2906 772 2948 fortassis
798 2920 868 2940 eum
886 2910 1035 2950 docere,
1061 2913 1101 2940 U*
1127 2908 1257 2942 sentire
1281 2923 1316 2943 e-

215 2953 392 2983 xistimant
410 2972 421 2990 ‚
462 2953 548 2995 quod
572 2951 739 2986 Dominus
777 2959 892 2987 noster
926 2959 1029 2987 etiam
1052 2967 1113 2997 pro
1138 2959 1255 2999 impiis
1280 2960 1317 2989 in

216 3008 275 3027 suti
307 2999 478 3035 impietate
502 2999 701 3031 durantibus
727 3012 851 3043 passus
878 3004 949 3040 sit,
991 3006 1031 3033 (9⁴
1057 3014 1167 3033 eornm
1202 3006 1316 3046 possit

216 3044 289 3073 (lici
316 3043 505 3085 redemptor
532 3050 606 3077 wc.
702 3050 737 3078 in
763 3047 879 3091 quibus
906 3048 1016 3079 verbis
1051 3055 1164 3091 potest
1189 3051 1314 3093 aliquis

213 3091 324 3119 minus
350 3091 598 3131 considerans,
632 3095 675 3124 &¹
699 3091 808 3125 minus
834 3095 1036 3138 intelligens
1061 3097 1110 3126 ita
1134 3097 1316 3128 existima-

215 3145 278 3180 re,
302 3140 336 3164 ut
363 3136 448 3175 quod
472 3137 597 3168 (lictum
622 3147 676 3170 est
702 3139 954 3172 Sacramentum
979 3142 1156 3183 generalis
1183 3143 1323 3180 rethma

217 3182 375 3221 ptionis,
400 3185 440 3211 <J
466 3183 609 3214 mortbus
634 3196 694 3225 pro
719 3187 867 3218 omnibus
895 3189 1012 3229 impiis
1037 3185 1228 3228 Dominus,
1264 3191 1314 3221 ita

216 3227 333 3267 accipi
360 3228 496 3267 possit,
539 3233 629 3268 quasi
658 3234 698 3261 ’δ’
723 3233 788 3264 illa
812 3235 987 3275 generalis
1013 3234 1200 3276 redemptio
1220 3255 1231 3274 ,
1275 3237 1316 3266 (φ’

219 3274 283 3305 illa
307 3283 396 3303 mors
423 3270 562 3303 Domini
587 3285 646 3315 pro
671 3278 820 3308 omnibus
858 3282 998 3320 impiis,
1040 3283 1142 3312 etiam
1166 3292 1226 3322 pro
1252 3293 1314 3312 non

216 3317 433 3350 credentibus
453 3339 463 3357 ,
489 3320 530 3350 ἔφ’
555 3321 591 3349 in
617 3332 675 3351 sua
693 3323 864 3362 impietate
881 3327 1098 3365 pereuntibus
1114 3325 1221 3368 facta
1242 3338 1318 3359 cre-

218 3366 331 3397 denda
357 3366 427 3397 sit·
472 3363 546 3398 Sed
567 3375 628 3408 pro
656 3366 770 3409 quibus
807 3371 953 3402 omnibus
994 3374 1110 3413 impiis
1137 3370 1315 3405 Dominum

961 162 1367 210 DISSERTATIO
1403 167 1456 211 V.
1490 164 1619 209 CAP.
1650 163 1728 208 III.

1399 246 1506 298 epist.
1537 245 1586 284 ad
1614 244 1734 281 Hebr.
1764 241 1914 295 inquit:
1949 240 2019 282 hoc
2049 246 2177 296 ipsum
2195 274 2206 293 ,
2235 243 2338 296 quod
2367 245 2511 299 aliquis

1400 311 1482 336 non
1509 300 1618 348 ponit
1643 295 1888 333 obstaculum
1905 325 1917 344 ,
1945 309 1999 334 ex
2027 304 2162 348 gratia
2191 299 2392 349 procedit.
2427 300 2511 338 Un-

1402 350 1450 389 de
1479 356 1513 389 si
1541 351 1684 401 aliquis
1701 357 1827 400 ponat
1843 378 1854 397 ,
1882 349 1932 389 (9‘
1961 357 2101 391 tamen
2122 361 2324 389 moveatur
2340 367 2407 392 cor
2423 356 2511 406 ejus

1401 404 1457 442 ad
1485 402 1766 442 removendum
1797 400 1917 451 illud,
1961 401 2032 440 hoc
2062 411 2122 440 est
2150 416 2204 440 ea:
2231 402 2333 446 dono
2359 411 2509 459 gratioe

1399 456 1479 495 Det
1508 459 1685 495 vocantis
1711 468 1782 506 per
1809 455 2128 494 misericordiam
2157 468 2274 494 suam
2290 478 2361 498 ...μ
2393 460 2510 511 Quod

1399 523 1493 563 ergo
1534 523 1563 547 a
1590 508 1824 560 quibusdam
1852 518 2073 548 removetur
2100 508 2197 547 illud
2234 509 2481 551 obstaculum
2498 542 2510 562 ,

1397 562 1469 600 lzoc
1498 570 1558 600 est
1586 562 1860 600 misericordia
1889 561 1967 600 Dei
1981 577 1997 607 ;
2039 562 2140 614 quod
2167 571 2306 600 autem
2333 576 2415 602 non
2443 579 2506 604 re·

1397 624 1597 662 movetur,
1627 625 1684 653 est
1712 617 1931 667 exjustitia
1949 643 1958 654 .
1987 615 2100 663 Quod
2114 615 2420 655 'luculentissime
2438 633 2507 669 ap-

1396 677 1501 720 paret
1532 669 1570 705 in
1597 669 1772 719 parvulis
1790 699 1800 716 ,
1830 669 1865 706 St
1893 667 2014 706 simili
2035 671 2180 707 ratione
2208 670 2438 708 credendum
2455 680 2508 709 est

1397 724 1436 759 in
1464 721 1629 760 adultis.
1659 722 1908 775 Quamquam
1929 723 2033 760 enim
2064 724 2103 761 in
2131 721 2191 760 his
2218 722 2265 760 ad
2294 723 2508 762 tollendum

1394 775 1716 827 impedimentum
1745 777 1892 828 peccati
1922 776 2131 828 requiritur
2159 777 2275 813 etiam
2312 776 2414 815 liber
2443 791 2508 815 vo-

1395 827 1550 866 luntatis
1579 841 1808 878 consensus,
1837 829 1958 880 gratia
1987 838 2111 867 tamen
2142 837 2221 876 est,
2249 842 2339 880 quae
2369 829 2508 869 volun-

1397 890 1514 919 tatem
1543 891 1751 934 torpentem
1781 885 1944 930 excitat,
1975 891 2086 934 atque
2116 880 2164 920 ad
2192 883 2507 920 consentiendum

1395 935 1649 983 determinat,
1691 948 1850 988 operans
1879 937 1917 974 111
1947 935 2054 973 nobis
2086 933 2210 981 velle,
2258 932 2292 970 ἃ
2321 935 2508 988 perficere

1398 998 1468 1039 pro
1496 987 1597 1026 bona
1627 988 1847 1027 voluntate.

1458 1042 1546 1093 159.
1577 1041 1708 1093 Objic.
1737 1044 1927 1094 septime.
1956 1042 2112 1080 Certum
2133 1049 2213 1088 est,
2241 1038 2440 1081 Christum
2467 1053 2508 1080 o·

1396 1106 1498 1132 rasse
1527 1108 1596 1147 pro
1636 1097 1715 1133 suis
1743 1095 2038 1133 crucifixoribus
2059 1123 2070 1143 ,
2118 1094 2152 1130 8t
2195 1094 2474 1145 pro'omnibus
2494 1124 2506 1144 ‚

1395 1148 1464 1198 qui
1509 1149 1547 1186 in
1577 1162 1666 1187 eum
1702 1149 1884 1187 credituri
1921 1157 2052 1186 erant.
2108 1146 2226 1184 Lucae
2257 1145 2405 1186 XXHI.
2437 1149 2506 1195 54.

1395 1199 1545 1249 Pater,
1594 1200 1748 1240 dimitte
1775 1203 1883 1247 illis,·
1929 1201 1964 1238 8:
1991 1201 2131 1239 Joaun.
2162 1198 2290 1240 XVlt.
2318 1214 2400 1239 non
2434 1214 2506 1252 pro

1396 1256 1452 1290 eis
1481 1263 1617 1291 autem
1647 1265 1742 1307 rogo
1768 1263 1930 1292 tantum
1959 1253 2134 1306 (scilicet
2162 1267 2234 1305 pro
2253 1254 2444 1306 Apostolis
2463 1255 2504 1304 ),

1394 1305 1464 1344 secl
1492 1307 1540 1347 <9⁶
1559 1321 1630 1355 pro
1658 1312 1706 1345 iis
1722 1337 1733 1356 ,
1762 1311 1826 1357 qui
1846 1307 2031 1344 credituri
2059 1315 2149 1343 sunt
2177 1319 2248 1356 per
2267 1306 2423 1345 verbum
2443 1320 2507 1345 eo-

1394 1372 1484 1395 rum
1514 1363 1555 1396 in
1585 1362 1650 1398 rne
1667 1375 1683 1404 ,-
1724 1361 1785 1398 isti
1814 1370 1941 1398 tamen
1968 1372 2100 1397 omnes
2128 1357 2289 1396 salutem
2318 1360 2509 1397 consecuti

1393 1425 1471 1448 non
1492 1421 1609 1459 sunt3
1639 1422 1750 1451 restat
1780 1426 1894 1465 ergo,
1923 1422 1965 1450 ut
1984 1414 2187 1460 dicamus,
2215 1411 2408 1450 Christum
2441 1424 2513 1464 pro

1393 1465 1446 1501 eis
1488 1478 1612 1504 orasse
1655 1467 1824 1504 oratione
1859 1466 2113 1505 conditionata
2130 1494 2141 1513 ,
2188 1466 2220 1502 si
2263 1478 2399 1518 nempe
2435 1466 2512 1517 ipsi

1392 1517 1535 1555 vellent
1562 1518 1751 1558 beneficio
1780 1534 1857 1557 suae
1887 1521 2071 1572 passionis
2091 1519 2173 1556 uti.
2204 1517 2337 1570 Neque
2365 1520 2406 1556 in
2435 1517 2510 1556 hoc

1396 1569 1476 1609 ulla
1505 1585 1582 1609 esse
1613 1581 1730 1623 potest
1759 1573 1991 1621 difficultas,
2021 1586 2111 1611 cum
2142 1571 2335 1609 neminem
2363 1571 2509 1619 lateat,

1395 1625 1511 1662 etiam
1543 1625 1582 1664 in
1604 1625 1712 1664 horto
1731 1625 1926 1665 Christum
1944 1639 2066 1664 orasse
2096 1624 2348 1663 conditionate
2365 1622 2509 1662 Matth.

1395 1677 1544 1716 XXVI.
1576 1680 1641 1730 39.
1671 1678 1794 1718 Pater
1821 1684 1904 1729 mi,
1933 1683 1967 1718 si
1994 1675 2174 1732 possibile
2202 1687 2286 1726 est,
2322 1685 2509 1715 transeat

1393 1743 1422 1766 a
1451 1743 1518 1766 me
1545 1733 1659 1767 calix
1687 1737 1786 1769 iste.
2398 1746 2402 1749 ⁴

1453 1782 1541 1820 160.
1572 1782 1784 1834 Respondet
1824 1783 1866 1822 S.
1910 1783 2107 1833 Thomas,
2153 1782 2348 1821 Christum
2383 1794 2510 1821 orasse

1399 1846 1466 1885 pro
1488 1848 1560 1871 non
1584 1836 1860 1886 praedestinatis
1875 1838 2045 1875 oratione
2061 1867 2072 1885 ,
2101 1849 2189 1888 quae
2207 1837 2278 1873 fuit
2295 1836 2507 1874 secundum

1393 1886 1627 1926 voluntatem
1656 1897 1840 1938 naturoe',
1870 1903 1945 1927 non
1972 1898 2099 1928 autem
2131 1889 2337 1926 secundum
2368 1888 2508 1927 volun-

1393 1948 1507 1977 tatem
1537 1945 1730 1980 rationis.
1760 1941 1906 1979 Pariter
1934 1942 1981 1979 de
2009 1943 2175 1980 oratione
2192 1970 2202 1988 ,
2232 1955 2308 1993 qua
2337 1941 2508 1980 Christus

1393 1996 1528 2043 petiit,
1558 2009 1578 2032 a
1609 2009 1645 2032 se
1675 1995 1861 2032 removeri
1890 1993 2052 2034 calicem
2081 1995 2292 2047 passionis,
2323 1994 2406 2033 haec
2434 1993 2506 2033 ha-

1389 2045 1453 2083 bet
1482 2046 1689 2099 Angelicus
1717 2048 1755 2087 5.
1798 2046 1896 2086 Part.
1925 2059 2061 2100 quaest.
2085 2061 2148 2086 21.
2178 2045 2310 2093 arud.
2354 2049 2402 2086 ad
2437 2061 2502 2086 1.:

1387 2110 1470 2136 non
1499 2100 1742 2152 estfactum
1759 2131 1771 2150 ,
1800 2101 1901 2153 quod
1927 2106 2062 2151 petiit,
2110 2105 2204 2151 quia
2224 2105 2329 2138 ratio
2349 2130 2361 2149 ,
2408 2114 2500 2152 quae

1385 2156 1614 2201 petitionem
1629 2159 1828 2206 proposuit
1842 2154 1863 2204 ,'
1882 2154 2041 2193 nolebat
2058 2186 2068 2204 ,
2098 2162 2138 2191 ut
2154 2152 2223 2190 lzoc
2243 2155 2498 2204 impleretur,

1386 2205 1457 2243 secl
1475 2206 1530 2244 ad
1549 2210 1847 2246 instructionem
1867 2217 2051 2246 nostram
2072 2207 2221 2254 volebat
2240 2206 2498 2244 demonstra-

1385 2270 1430 2296 re
1457 2259 1565 2298 nobis
1606 2274 1724 2299 suam
1754 2262 1994 2300 voluntatem
2023 2261 2276 2309 naturalem,
2323 2260 2374 2300 (9⁰
2411 2273 2500 2298 mo·

1384 2321 1471 2350 tum
1512 2316 1814 2364 sensualitatis,
1862 2329 1980 2366 quem
2008 2319 2108 2353 sicut
2135 2313 2253 2353 homo
2295 2311 2465 2352 habebat
2485 2338 2498 2352 .

1381 2365 1606 2419 Eodemque
1634 2376 1744 2406 sensu
1774 2365 1943 2422 explicat—
1958 2369 1997 2407 S.
2019 2369 2161 2407 Doctor
2189 2382 2233 2406 ea
2252 2367 2370 2404 verba
2391 2366 2499 2405 Psal-

1380 2420 1436 2456 mi
1465 2419 1577 2459 XXI.
1611 2420 1804 2460 Clamabo
1833 2436 1903 2474 per
1917 2422 2022 2460 diem
2040 2453 2051 2471 ,
2080 2422 2128 2462 <9⁶
2158 2435 2239 2460 non
2269 2419 2465 2458 exaudies
2484 2449 2496 2469 ,

1379 2486 1467 2524 quae
1497 2474 1543 2511 de
1557 2473 1705 2513 Christo
1725 2475 1989 2528 intelliguntur
2006 2507 2016 2525 ‚
2046 2475 2191 2514 scilicet
2219 2482 2416 2527 quantum
2436 2472 2493 2511 ad

1381 2524 1568 2574 effectum
1596 2523 1900 2579 sensualitatis,
1927 2543 2016 2581 quoe
2047 2538 2218 2567 mortem
2246 2525 2468 2579 refugiebat
2477 2540 2496 2572 ,-

1382 2579 1595 2618 exauclitur
1603 2590 1744 2629 tamen
1754 2593 1949 2634 quantum
1959 2584 2014 2621 ad
2023 2581 2218 2631 affectum
2229 2585 2396 2619 rationis
2409 2579 2466 2631 (b)
2478 2605 2492 2619 .

1440 2633 1528 2692 161.
1558 2635 1646 2684 Qua
1674 2636 1714 2674 in
1741 2649 1783 2674 re
1801 2636 1925 2690 aliqui
1953 2645 2061 2676 acute
2081 2636 2356 2683 observarunt,
2384 2633 2495 2672 Chri-

2343 2696 2442 2726 stum

1385 2778 1543 2805 mortuum
1568 2773 1690 2813 dicat,
1731 2774 1774 2806 (9¹
1797 2776 1881 2818 quid
1905 2785 1966 2818 per
1995 2775 2192 2818 generalem.
2225 2772 2495 2811 redemptionem

1386 2821 1469 2851 vetit
1494 2821 1673 2863 intelligi,
1705 2828 1882 2862 putamus,
1907 2821 1995 2865 ‹Juod
2020 2825 2095 2864 ipse
2122 2823 2195 2852 suis
2220 2818 2378 2850 verbis...
2405 2818 2494 2849 dili-

1384 2873 1504 2907 genter
1538 2874 1712 2908 exponat,
1754 2868 1904 2900 dicens:
1944 2871 2000 2910 qui
2037 2871 2125 2899 enim
2151 2871 2288 2897 venerat
2323 2865 2492 2895 universis

1385 2912 1604 2944 credentibus
1628 2917 1740 2946 omnia
1763 2922 1907 2957 peccata
1929 2914 2129 2950 dimittere,
2154 2923 2174 2942 a
2197 2911 2354 2954 generali
2380 2909 2496 2958 indul-

1384 2960 1505 3000 gentia
1532 2969 1594 2990 nec
1620 2958 1798 2993 Judaicum
1823 2962 1928 2993 uoluit
1952 2962 2080 2992 crimen
2106 2958 2319 2993 excludere;
2356 2963 2391 2988 ut
2417 2966 2494 2987 vere

1382 3015 1442 3045 pro
1477 3005 1551 3036 illis
1577 3006 1726 3037 o‘rnnibus
1753 3009 1870 3047 impiis
1895 3017 1984 3035 mors
2009 3002 2152 3034 Domini
2168 3003 2284 3045 fuerit
2311 3005 2461 3044 impensa
2480 3020 2492 3039 ,

1383 3050 1499 3092 quibus
1519 3053 1689 3083 uniuersis
1715 3050 1932 3084 credentibus
1950 3054 2060 3082 onmia
2078 3058 2219 3091 peccota
2244 3051 2393 3082 dimittit
2408 3069 2416 3077 ·
2443 3046 2494 3079 Et

1382 3096 1574 3138 generalem
1601 3098 1886 3140 redemptionem,
1923 3099 1993 3127 siue
2018 3097 2211 3140 generalem
2236 3095 2490 3138 indulgentium

1382 3142 1461 3173 ideo
1487 3143 1624 3175 dixisse
1652 3145 1891 3187 intelligatur,
1917 3146 1993 3184 quia
2020 3143 2086 3174 nee'
2105 3144 2260 3185 populum
2283 3140 2490 3178 Judaicum,

1381 3198 1442 3230 nec
1462 3189 1561 3220 ullum
1584 3201 1691 3232 genus
1717 3189 1881 3221 hominum
1906 3188 1945 3219 ab
1972 3190 2035 3221 illa
2060 3190 2291 3232 redemptione
2312 3208 2323 3227 ,
2368 3191 2409 3219 (θ’
2432 3188 2487 3218 in-

1381 3235 1558 3276 dulgentia
1583 3239 1773 3267 inveniatur
1798 3237 1971 3266 exclusum
1987 3257 1995 3265 .

1433 3280 1478 3315 (b)
1506 3279 1607 3312 Haud
1634 3281 1756 3313 inutile
1781 3281 1848 3312 erit
1874 3282 2046 3324 integrum
2065 3283 2098 3314 S.
2128 3281 2272 3315 Thomae
2298 3286 2430 3313 textum
2450 3287 2489 3307 ο-
2536 3300 2546 3310 .

1383 3325 1469 3358 culis
1495 3325 1692 3369 subjicere,
1733 3338 1837 3370 quem
1862 3326 1965 3359 hahet
2002 3328 2037 3360 in
2062 3339 2156 3372 corp.
2193 3336 2260 3361 art.
2286 3327 2406 3358 Oratio
2433 3329 2489 3355 ese

1383 3372 1618 3416 quodammodo
1644 3376 1904 3417 interpretativa
1928 3376 2112 3409 voluntatis
2130 3374 2303 3411 humana,-
2330 3381 2408 3406 tunc
2433 3381 2491 3405 er·-
