2577 3633
897 80 978 124 DE
1013 78 1225 125 MORTE
1261 80 1510 126 CHRISTI
1529 111 1541 124 .

70 161 273 204 Christus}
319 162 398 211 Qui
429 161 611 201 Paulinus
639 168 760 199 textus
789 172 834 198 ex
876 161 999 213 seipso
1028 167 1180 212 apertus

66 227 149 268 est,
178 219 225 257 ad
250 217 486 255 statuendam
510 224 676 254 mortem
696 214 848 254 Christi.
867 212 1091 266 generaliter
1111 226 1181 266 pro

66 272 243 312 omnihus
270 269 538 318 hominibus,
565 269 599 305 ἃ
628 268 752 307 multo
779 270 894 306 etiam
922 266 1108 306 illustrior
1136 267 1179 306 fit

66 339 113 364 ex
140 324 182 362 S.
211 324 412 375 Augustini
440 324 672 374 expositione
690 353 700 371 ,
743 323 811 375 qui
840 322 970 360 eodem
1008 334 1096 358 usus
1125 329 1179 359 est

64 385 197 424 contra
224 377 424 416 Julianum
441 377 531 416 Lib.
548 376 616 414 IV.
638 391 672 415 c.
689 377 750 425 4.,
781 374 820 414 ut
847 377 1059 423 evinceret,
1090 388 1178 426 pec-

62 439 194 471 catum
223 430 412 483 originale
440 432 481 468 in
509 443 639 468 omnes
667 430 823 469 omnino
841 428 1012 468 homines
1038 441 1180 482 propa-

61 486 169 537 gari.
200 484 311 531 Quod
330 484 372 522 S.
392 485 594 536 Augustini
623 492 889 536 argumentum
910 482 1052 521 nullius
1072 495 1179 534 pror-

61 552 124 576 sus
154 538 301 577 roboris
329 547 444 587 esset,
487 540 518 576 si
547 538 666 577 verba
695 538 735 576 S.
766 536 874 575 Pauli
903 537 951 576 ad
979 550 1109 575 omnes
1135 548 1177 573 o-

59 594 194 630 mnino
221 591 394 631 homines
422 605 498 630 non
526 593 840 630 extenderentur.
1038 616 1049 628 .

122 645 211 684 155.
242 644 354 698 Resp.
398 655 542 683 textum
575 644 760 698 Apostoli'
781 659 886 697 posse
927 642 1091 695 intelligi
1129 643 1177 681 de

60 707 182 737 morte
196 698 337 737 Christi
366 713 437 751 pro
465 698 925 747 omnibussufficienter,
956 705 1176 735 nouantem

60 751 314 800 efficaciter;
350 767 426 805 qua
456 754 572 805 posita
603 752 854 805 explicatione
884 749 1031 788 nullam
1062 749 1177 787 habet

59 808 141 844 vim
172 816 302 844 contra
331 819 425 844 nos.
470 806 743 844 Verumtamen
772 804 812 842 S.
844 803 1011 841 Thomas
1047 803 1176 841 obser-

59 861 165 897 vavit
193 859 299 899 Lect.
331 860 368 898 5.
401 862 438 898 in
466 859 567 897 hunc
595 859 746 906 locum,
783 855 903 895 aliam
932 871 1009 894 esse
1039 855 1176 894 horum

60 913 268 951 verborum
299 916 570 966 expositionem
599 912 717 950 menti
738 909 909 964 Apostoli
940 911 1061 961 inagis
1089 924 1176 948 cou-

58 978 302 1016 seiitaueam,
333 968 531 1017 magisque
561 964 786 1011 litteralem5
818 972 856 1001 ut
886 963 1030 1001 scilicet
1051 964 1096 1001 ad
1118 977 1175 1001 so-

58 1018 114 1058 los
143 1020 280 1058 electos
311 1021 544 1066 referantur,
573 1020 642 1069 qui
669 1031 801 1055 omnes
821 1018 958 1055 mortui
982 1026 1088 1063 sunt,
1120 1018 1174 1055 id-

55 1082 110 1110 est
139 1083 177 1110 ut
207 1083 370 1110 mortuos
398 1085 436 1109 se
465 1080 638 1123 reputare
666 1071 832 1119 debent,
862 1069 969 1121 juxta
992 1070 1087 1108 illud
1103 1072 1174 1108 Co-

55 1124 145 1163 loss.
175 1126 242 1162 ΠΙ.
273 1126 310 1164 5.
342 1129 486 1162 mortui
517 1127 631 1172 estis,
669 1124 718 1164 (θ’
748 1128 829 1162 rita
859 1134 989 1162 vestra,
1020 1133 1078 1163 est
1106 1123 1174 1161 ab·

55 1177 239 1216 scondita
269 1191 359 1215 cum
385 1177 537 1216 Christo
567 1181 607 1215 in
629 1176 738 1216 Deo.
770 1178 870 1215 Hinc
901 1188 1176 1231 consequenter

55 1230 98 1270 S.
128 1231 269 1270 Paulus
297 1232 442 1270 subdit:
479 1241 518 1269 ιιι
547 1232 597 1272 <9¹
626 1236 691 1282 φα·
721 1235 848 1268 vivunt
879 1235 892 1281 (
923 1232 1067 1270 scilicet
1098 1232 1175 1269 vita

57 1284 227 1323 naturali
257 1285 273 1332 )
298 1287 393 1337 jam
422 1298 503 1322 non
533 1283 602 1322 sibi
632 1288 790 1332 vivant,
819 1284 890 1323 secl
918 1288 980 1332 ei,
1009 1289 1074 1336 qui
1103 1298 1175 1335 pro

55 1340 151 1385 ipsis
181 1347 358 1376 mortuus
386 1347 468 1386 est,
497 1338 546 1378 Εἰ)
575 1342 794 1376 resurrexit
811 1367 821 1386 ,
849 1339 995 1376 scilicet
1025 1337 1176 1376 Christo

57 1389 330 1442 Redemptori3
376 1392 471 1429 idest
501 1400 614 1431 totam
646 1393 764 1430 vitam
793 1405 902 1430 suam
931 1391 1098 1442 dirigant
1126 1393 1174 1429 ad

56 1443 285 1496 obsequium
304 1475 314 1493 ,
345 1444 379 1481 &
409 1444 589 1483 honorem
621 1444 789 1492 Christi,
819 1454 931 1496 prout
949 1445 1005 1482 de
1026 1458 1062 1481 se
1093 1445 1175 1496 ipso

54 1495 160 1534 idem
191 1498 394 1550 Apostolus
436 1499 642 1537 testabatur
683 1499 731 1536 ad
761 1499 890 1536 Galat.
920 1498 970 1535 ll.
1009 1511 1072 1535 20.
1116 1499 1173 1534 in-

55 1552 216 1601 quiens:
247 1555 325 1589 νὶιό
353 1561 491 1590 autem
510 1583 520 1601 ‚
544 1554 639 1606 jam
669 1565 750 1589 non
781 1565 880 1603 ego,
911 1555 996 1589 sirit
1024 1563 1112 1589 vero
1130 1553 1173 1587 ‘in

55 1615 122 1641 me
154 1603 331 1642 Christus
351 1632 362 1644 .

115 1656 203 1702 134,
233 1657 344 1696 Hanc
373 1657 502 1698 Sancti
533 1659 696 1696 Titomae
727 1659 1028 1710 expositionem,
1060 1665 1170 1708 utpo-

53 1717 89 1747 te
105 1710 274 1762 Apostoli
303 1713 422 1749 menti
443 1714 619 1763 apprime
649 1723 850 1747 consonam
880 1712 975 1746 inter
995 1709 1090 1746 alios
1112 1711 1171 1745 in-

53 1772 232 1814 terpretes
261 1762 386 1801 Estius
416 1763 632 1815 approbat,
663 1771 848 1814 tanquam
878 1761 1079 1813 Apostolus
1109 1775 1171 1799 ra-

51 1817 255 1854 tiocinetur
283 1815 356 1854 hoc
384 1813 520 1854 modo:
568 1816 611 1854 Si
640 1815 813 1854 Christus
837 1818 920 1868 fpro
960 1815 1168 1863 omnibus,

50 1882 145 1922 quos
174 1870 221 1907 ad
249 1871 367 1909 vitam
397 1869 536 1921 elegit,
567 1878 738 1908 mortuus
767 1878 847 1919 est,
889 1870 1007 1921 igitur
1035 1882 1168 1906 omnes

52 1923 324 1975 redemptionis
353 1923 437 1976 ejus
466 1925 558 1962 facti
587 1925 813 1976 participes,
842 1925 910 1977 qui
941 1923 1101 1974 proinde
1121 1935 1166 1960 ex

51 1990 211 2014 numero
238 1976 445 2016 electorum
475 1993 512 2015 se
541 1991 618 2016 esse
647 1979 783 2015 merito
811 1976 1034 2025 confidunt,
1064 1989 1167 2014 mor-

51 2031 109 2068 tui
138 2044 216 2069 esse
243 2031 383 2070 debent
412 2032 486 2070 sibi
514 2033 634 2084 ipsis,
672 2041 713 2070 ut
741 2029 821 2082 jam
852 2044 927 2069 non
957 2031 1033 2068 suis
1062 2043 1168 2068 com-

50 2084 176 2122 modis
210 2084 411 2134 studeant,
459 2085 522 2123 sed
550 2086 683 2138 glorias
726 2086 875 2123 domini
907 2083 1170 2135 Redemptoris

53 2139 135 2184 sui,
178 2136 212 2173 &
241 2137 354 2176 saluti
382 2139 589 2177 electorum
607 2168 618 2188 ,
662 2151 732 2192 pro
760 2138 903 2192 quibus
939 2137 1171 2185 redimendis

53 2188 120 2227 ille
149 2199 320 2228 mortuus
348 2201 427 2230 est.

112 2242 202 2281 155.
232 2243 430 2290 Quantum
460 2246 589 2283 attinet
626 2246 674 2284 ad
703 2245 743 2284 S.
776 2245 1061 2297 Augustinum,
1103 2243 1170 2281 ad-

51 2294 130 2333 huc
160 2296 396 2334 manifestius
424 2307 510 2347 est,
532 2301 659 2351 ipsum
681 2300 827 2337 nonnisi
845 2299 892 2336 ad
907 2296 1046 2335 electos
1066 2295 1170 2335 huuc

54 2348 186 2387 locum
219 2348 415 2396 retulisse3
444 2365 534 2388 nam
564 2354 603 2389 in
625 2354 706 2405 ipso
727 2352 796 2390 illo
815 2352 905 2391 Lib.
927 2351 994 2389 Vl.
1025 2360 1169 2389 contra

52 2401 134 2441 ιῙιιΙ.
165 2417 250 2455 cap.
282 2403 320 2448 4.
352 2403 436 2441 haec
465 2404 601 2442 habet:
645 2434 672 2453 „
700 2405 760 2443 illi
791 2418 879 2457 ergo
908 2400 1068 2452 vivunt,
1100 2417 1169 2455 pro

53 2486 79 2504 „
109 2456 279 2508 quibus,
308 2467 348 2494 ut
376 2458 534 2506 vivant,
574 2467 742 2501 mortuus
770 2468 848 2506 est,
891 2460 958 2510 qui
988 2457 1168 2496 vivebat.

55 2539 82 2558 „
111 2509 224 2557 Quod
267 2512 435 2562 apertius
465 2513 516 2549 ita
558 2511 721 2548 dicitur:
769 2509 828 2548 illi
859 2520 945 2548 sunt
973 2526 996 2561 a
1036 2512 1170 2549 mortis

55 2592 80 2612 „
112 2562 266 2601 vinculo
295 2563 440 2613 liberi,
489 2577 558 2615 pro
600 2563 740 2616 quibus
778 2573 964 2602 mortuus*
986 2573 1038 2601 est
1074 2565 1171 2602 inter

55 2645 82 2665 „
111 2625 278 2654 mortuos
308 2616 430 2656 liber.
461 2617 533 2655 Vel
563 2620 616 2656 sic
647 2617 767 2655 multo
795 2618 980 2669 apertius:
1009 2617 1171 2656 illisunt

53 2699 81 2718 „
109 2669 264 2708 liberati
295 2686 316 2709 a
346 2681 527 2722 peccato,
556 2685 625 2723 pro
644 2671 786 2723 quibus
808 2667 978 2708 mortuus
999 2680 1072 2719 est,
1102 2672 1171 2723 qui

56 2752 83 2769 „
113 2737 312 2777 nunquam
341 2725 465 2764 fuerat
495 2727 533 2762 in
565 2734 720 2777 peccato
748 2727 772 2746 “
791 2750 803 2763 .
832 2723 925 2763 Vid.
955 2726 1069 2764 etiam
1097 2724 1169 2763 lib.

55 2774 147 2816 XX.
175 2777 222 2816 de
251 2782 326 2818 σι’ν.
355 2777 434 2818 Det
463 2792 499 2818 c.
529 2777 569 2818 6.

96 2911 155 2948 s(a)
182 2912 245 2946 His
270 2913 412 2948 verbis:
447 2918 641 2960 quicumque
667 2915 834 2958 baptizati
862 2927 971 2948 sumus
998 2917 1033 2947 in
1060 2913 1166 2946 Chri-

65 2963 141 2994 ΠΟ,
185 2961 218 2989 in
246 2970 350 2993 morte
376 2962 451 3008 ejus
491 2963 657 3005 baptizati
686 2974 796 2994 sumus
814 2964 909 2993 ·&c.:
953 2963 985 2992 ὃς
1010 2972 1039 2993 c.
1062 2960 1092 2993 5.
1122 2961 1165 2992 Si

59 3013 125 3033 ⁷²0st
150 3011 203 3034 est
225 3006 285 3047 ρνό
309 3011 362 3039 eis
390 3010 605 3054 (parvulis)
636 3008 798 3042 Christus
823 3015 996 3048 mortuus,
1022 3015 1057 3041 ut
1083 3008 1167 3053 quid

58 3048 270 3090 baptizantur
285 3062 296 3080 τ
945 3069 951 3075 ·
1160 3080 1161 3083 ,

103 3095 150 3132 (b)
178 3095 232 3132 ‚En
260 3098 293 3129 S.
320 3098 480 3134 Doctoris
506 3110 753 3146 argumentum
774 3101 881 3145 ipsius
895 3100 1012 3134 verbis
1025 3111 1169 3145 expres-

58 3153 134 3173 sum
156 3155 164 3172 τ
217 3140 263 3175 Tu
303 3145 420 3185 dicis,
462 3151 563 3182 etium
595 3162 657 3193 pro
699 3149 936 3192 peccatoribus
975 3156 1135 3180 mortuum
1156 3167 1167 3186 ,

63 3188 297 3226 (Christum)
317 3203 326 3220 =
353 3203 416 3234 ego
442 3195 542 3234 dieo,
567 3199 705 3228 nonnisi
731 3208 790 3239 pro
815 3194 1054 3237 peccatoribus
1080 3205 1169 3225 mor-

56 3241 144 3267 tunm
159 3256 169 3274 a
195 3239 245 3269 ita
270 3244 305 3268 Ut
330 3240 532 3280 respondere
545 3246 682 3285 cogaris
696 3264 707 3282 ,
735 3246 765 3274 si
780 3243 871 3274 nullo
883 3248 1022 3284 peccato
1036 3241 1167 3283 parvuli

55 3281 218 3315 obstricti
238 3291 314 3315 sunt
329 3304 340 3322 ,
366 3296 429 3315 non
449 3297 525 3317 esse
541 3299 601 3328 pro
626 3291 776 3330 parvulis
802 3296 962 3320 ηιονιιιιιηι
977 3301 992 3332 ε.
1012 3289 1103 3320 <licit
1131 3299 1168 3317 e·-

55 3331 125 3363 nim
147 3330 194 3363 ad
221 3328 425 3365 Corinthios
441 3351 452 3371 ‚
476 3336 628 3375 quoniam
646 3347 728 3370 unus
753 3348 814 3381 pro
839 3334 990 3369 omnibus
1016 3340 1164 3368 mortuus

2219 87 2301 141 149

1308 161 1395 200 156.
1426 162 1549 214 Atque
1577 161 1617 199 in
1647 158 1716 197 hoc
1747 160 1876 199 eodem
1905 174 2015 202 sensu
2044 163 2230 214 explicuit
2258 163 2356 202 Pau-

1246 213 1326 252 lina
1368 215 1487 253 verba
1517 214 1687 254 Ecclesia
1716 213 1978 265 Lugdunensis
2022 218 2060 255 in
2090 217 2180 255 Lib.
2209 217 2259 256 de
2287 220 2356 254 cri-

1250 267 1318 305 bus
1334 281 1392 317 ep.
1424 270 1622 320 inquiens:
1651 272 1791 306 statim
1811 281 1880 316 pro
1899 268 2032 319 quibus
2048 271 2229 309 omnibus
2249 283 2355 309 mor-

1246 330 1334 358 tuns
1363 334 1450 359 esse
1478 321 1754 374 intelligendus
1780 325 1857 369 sic,
1894 322 2092 375 subjungit
2121 324 2283 363 dicens:
2313 333 2356 364 ut

1245 377 1296 415 (9¹
1325 378 1388 425 qui
1417 379 1542 412 viz-unt
1571 378 1657 416 &c-

1308 429 1396 478 157.
1427 428 1558 480 Neque
1589 442 1677 467 vero
1705 429 1790 481 quis
1819 438 2003 479 reponat,
2033 430 2210 469 vitiosam
2240 432 2355 469 fuisse

1242 480 1381 519 'Sancti
1411 480 1530 519 Patris
1552 483 1752 534 Augustini
1782 483 2106 522 ratiocinationem
2137 494 2267 522 contra
2287 485 2356 523 Ju-

1245 534 1395 584 lianum
1425 535 1472 572 ad
1501 535 1740 586 probandam
1768 535 1984 588 generalem
2012 538 2159 589 peccati
2188 539 2355 589 origina-

1243 587 1292 626 lis
1319 589 1609 627 transfusionem
1631 590 1668 626 in
1697 603 1848 627 omnes.
1880 589 2099 642 Respondeo
2117 591 2222 628 enim
2239 619 2249 638 ,
2278 603 2360 627 sco-

1243 656 1338 694 pum
1369 642 1411 680 S.
1442 643 1639 691 Augustini
1670 655 1712 679 eo
1741 642 1814 681 loci
1846 644 1963 681 fuisse
1992 644 2219 692 evincendi,
2267 657 2356 696 par-

1243 695 1373 743 vulos,
1404 696 1471 747 qui
1492 694 1731 746 baptizantur
1749 726 1759 743 ,
1790 697 1873 734 ideo
1903 697 2118 749 baptizari,
2147 707 2187 734 ut
2216 711 2238 735 a
2268 711 2357 749 pec-

1243 757 1326 787 cato
1354 747 1530 800 originali
1554 748 1826 786 inundarentur
1856 751 1919 801 (iz)
1937 780 1947 798 ,
1977 764 2055 803 quo
2073 750 2190 788 semel
2219 751 2357 790 consti-

1243 811 1324 840 tuto
1352 811 1483 854 sponte
1513 801 1658 840 fluebat
1687 801 1720 837 &
1740 801 1845 839 aliud
1863 833 1873 851 ,
1903 806 2019 842 etiam
2048 813 2188 841 ceteros
2215 817 2358 856 parvu-

1244 855 1299 894 los
1316 886 1326 904 ,
1356 856 1425 907 qui
1453 868 1530 893 non
1552 854 1794 908 baptizantur
1811 885 1821 903 ,
1851 870 1926 894 esse
1947 857 2077 895 eodem
2108 867 2265 908 peccato
2293 870 2357 896 co-

1243 910 1488 961 inquinatos,
1517 922 1608 946 cum
1639 908 1772 946 eadem
1801 922 1878 946 esse
1906 910 2039 948 debeat
2066 912 2239 948 omnium
2270 924 2358 964 par·

1241 964 1424 1002 vulorum
1454 963 1648 1015 conditio.
1691 961 1777 999 Jam
1807 975 1898 999 vero
1926 962 1990 1000 tali
2019 965 2268 1002 invictissimo
2296 977 2358 1002 ar-

1244 1025 1425 1069 gumento
1447 1016 1622 1053 utebatur
1642 1015 1682 1053 S.
1703 1015 1868 1053 Doctor:
1897 1016 2067 1054 Christus
2087 1029 2160 1054 non
2183 1027 2233 1055 est
2255 1030 2358 1054 mor-

1245 1081 1332 1108 tuns
1348 1100 1358 1118 ,
1389 1071 1457 1107 nisi
1476 1083 1544 1121 pro
1561 1071 1716 1107 mortuis
1733 1099 1743 1116 ,
1772 1069 1919 1113 dicente
1941 1070 2137 1121 Apostolo:
2166 1074 2359 1120 quoniam

1244 1137 1346 1161 unus
1373 1136 1443 1175 pro
1463 1122 1644 1161 omnibus
1665 1131 1841 1161 mortuus
1861 1132 1920 1160 est
1937 1152 1947 1171 ,
1977 1136 2072 1174 ergo
2092 1136 2232 1161 omnes
2252 1137 2357 1161 mor-

1244 1182 1299 1214 tui
1328 1186 1451 1221 sunm
1479 1178 1583 1228 atqui
1604 1175 1773 1214 Christus
1801 1180 1872 1228 'pro
1901 1178 2074 1229 parvulis
2097 1206 2106 1224 ,
2136 1178 2201 1229 qui
2234 1177 2358 1228 bapti-

1241 1238 1403 1278 zantur,
1452 1240 1625 1268 mortuus
1654 1240 1735 1277 est,
1777 1229 1878 1281 quod
1908 1229 1943 1266 8<
1972 1228 2148 1267 Julianus
2177 1230 2357 1267 concede-

1242 1284 1336 1332 bat,
1384 1284 1418 1320 8(
1464 1285 1588 1321 fuerat
1630 1282 1711 1334 jam
1742 1299 1760 1321 a
1792 1282 1832 1320 S.
1863 1283 2075 1335 Augustino
2114 1298 2201 1335 cap.
2230 1296 2358 1335 super·

1245 1338 1474 1389 probatum:
1503 1350 1590 1389 ergo
1623 1337 1939 1389 parvulimortui
1970 1346 2083 1386 sunt,
2113 1345 2268 1389 peccato
2286 1338 2359 1374 sci-

1241 1391 1332 1428 licet
1360 1392 1546 1443 originis,
1576 1404 1665 1428 cum
1688 1391 1852 1429 aliorum
1882 1399 2129 1442 peecatorum
2158 1391 2357 1442 incapaces

1242 1446 1314 1481 sint
1345 1442 1401 1493 (b)
1420 1471 1429 1481 .

1290 1496 1389 1534 .158.
1419 1498 1597 1534 Ceterum
1627 1497 1657 1533 si
1686 1497 1773 1548 quis
1801 1496 1956 1533 omnino
1984 1494 2205 1543 contendat,
2254 1495 2358 1548 Apo·

1241 1550 1379 1589 stolum
1410 1550 1473 1588 hic
1502 1559 1691 1596 statuere,
1734 1544 1927 1587 Christum
1956 1563 2033 1587 esse
2064 1558 2258 1586 mortuum
2287 1561 2358 1600 pro

1242 1604 1424 1642 omnibus
1439 1633 1449 1651 ,
1478 1603 1806 1655 quemadmodum
1826 1616 1955 1641 omnes
1971 1611 2126 1654 peccato
2143 1603 2236 1655 Adae
2253 1615 2356 1639 mor-

1242 1658 1297 1693 tui
1328 1666 1437 1702 sunt,
1467 1669 1542 1692 non
1562 1655 1786 1709 repugnabo
1804 1684 1815 1702 ,
1845 1657 1958 1692 modo
1974 1685 1992 1702 ,h
2014 1665 2053 1692 ut
2082 1657 2222 1707 saepius
2253 1656 2356 1703 dixi,

1242 1708 1282 1744 id
1312 1708 1547 1759 intelligatur
1576 1707 1621 1744 de
1650 1707 1881 1745 sufficientia
1909 1709 2049 1759 pretii,
2075 1722 2173 1753 ,nou
2201 1709 2247 1745 de
2275 1708 2358 1746 effi·-

1243 1761 1349 1798 cacia
1377 1760 1578 1797 oblationis
1596 1786 1609 1797 .

1302 1813 1390 1865 159.
1421 1813 1496 1851 Ob.
1527 1814 1663 1851 tertio.
1718 1811 1760 1851 S.
1792 1812 2030 1864 Augustinus
2071 1813 2110 1851 in
2153 1811 2213 1851 Ps.
2234 1812 2358 1852 XCV.

1242 1880 1434 1920 exponens
1455 1867 1524 1904 illa
1552 1866 1691 1904 verba:
1716 1865 1911 1918 judicabit
1931 1865 2062 1904 orbem
2083 1876 2284 1904 terrarum
2316 1871 2357 1904 in

1233 1925 1425 1972 aequitate
1442 1951 1452 1968 ,
1475 1920 1698 1973 generalem
1714 1922 1888 1958 Omnium
1904 1920 2107 1958 hominum
2128 1921 2358 1973 redemptio-

1234 1988 1325 2012 nem
1354 1975 1552 2012 manifeste
1573 1975 1726 2023 statuit,
1757 1975 1886 2011 dicens
1902 2004 1913 2023 ,
1943 1987 2021 2011 uon
2043 1983 2201 2025 partem
2220 2005 2230 2022 ,
2260 1977 2355 2025 quia

1235 2041 1316 2065 non
1344 2037 1503 2077 partem
1532 2031 1656 2064 emit:
1705 2036 1829 2064 totum
1851 2027 2042 2080 judicare
2070 2027 2214 2076 habet,
2262 2032 2356 2078 quia

1235 2094 1305 2132 pro
1335 2090 1414 2118 toto
1442 2084 1612 2129 pretium
1642 2079 1749 2118 dedit
1768 2107 1778 2118 .

1300 2135 1388 2179 140.
1421 2133 1562 2184 Resp.,
1611 2133 1682 2171 hoc
1712 2135 1827 2172 etiam
1856 2135 2118 2172 testimonium
2149 2133 2262 2172 facile
2291 2147 2357 2172 ex-

1238 2186 1376 2239 plicari
1408 2200 1512 2239 posse
1533 2187 1578 2223 de
1607 2186 1836 2225 sufficientia
1866 2190 2006 2238 pretii,
2036 2202 2126 2240 quae
2158 2189 2287 2238 utique
2308 2188 2355 2226 ad

1238 2251 1358 2279 totum
1390 2240 1579 2279 mundum
1609 2240 1822 2277 extenditur
1840 2270 1849 2287 ,
1880 2255 2120 2292 quamquam
2149 2240 2355 2278 efficacitas

1237 2295 1422 2347 passionis
1437 2293 1579 2330 Christi
1607 2293 1655 2330 ad
1675 2292 1812 2330 electos
1829 2322 1840 2339 ,
1871 2292 1904 2328 8<
1934 2293 2064 2331 fideles
2084 2295 2354 2346 restringatur.

1298 2348 1386 2394 141.
1417 2346 1692 2384 Verumtamen
1738 2346 1768 2383 si
1799 2345 1973 2384 Doctoris
2002 2355 2166 2390 mentem
2195 2361 2354 2386 accura-

1236 2402 1311 2440 tius
1341 2410 1651 2453 perscrutemur,
1681 2398 1909 2451 apparebit,
1959 2402 2085 2451 ipsum
2114 2401 2270 2438 nomine
2300 2410 2354 2439 to-

1234 2457 1309 2493 tius
1339 2455 1471 2493 mundi
1502 2452 1731 2491 intellexisse
1760 2451 1880 2489 sotum
1911 2452 2151 2502 Ecclesiam,
2182 2467 2269 2507 quae
2299 2463 2355 2491 to-

1237 2518 1275 2547 to
1304 2509 1448 2546 mundo
1476 2506 1613 2545 diffusa
1635 2516 1712 2544 est.
1743 2505 1870 2544 Primo
1899 2508 2002 2544 enim
2026 2508 2245 2546 immediate
2261 2507 2353 2546 sub-

1240 2562 1318 2600 dit:
1348 2561 1514 2600 audistis
1534 2560 1799 2612 Ertzngelz‘um
1818 2589 1828 2606 ,
1859 2563 1952 2609 quia
1972 2573 2064 2598 cum
2094 2565 2263 2609 venerit,
2293 2565 2353 2598 in-

1240 2621 1321 2667 quit
1339 2646 1348 2664 ,
1379 2611 1636 2668 congregabit
1665 2614 1806 2650 electos
1835 2626 1924 2651 suos
1952 2627 1980 2651 a,
2007 2624 2177 2666 quatuor
2205 2619 2352 2652 ventis:

1240 2672 1334 2722 ergo
1364 2669 1411 2707 tle
1430 2678 1509 2706 toto
1540 2666 1629 2705 orbe
1649 2675 1851 2704 terrarum
1869 2693 1878 2704 .
1908 2666 2084 2706 Secundo
2113 2669 2150 2706 id
2179 2667 2352 2706 luculen-

1241 2726 1315 2762 tius
1345 2715 1500 2775 apparet
1529 2735 1574 2757 ex
1605 2733 1715 2772 scopo
1743 2719 1784 2757 S.
1815 2719 2016 2770 Ductoris,
2060 2723 2126 2773 qui
2156 2736 2198 2758 eo
2227 2724 2266 2760 in
2296 2721 2353 2758 lo·

1239 2790 1284 2816 co
1313 2777 1529 2816 Donatistas
1556 2772 1780 2822 refellebat,
1811 2782 2015 2826 putantes,
2062 2774 2278 2814 Ecclesiam
2309 2775 2352 2814 iu

2229 2841 2299 2865 an-

1234 2921 1312 2952 est,
1339 2923 1419 2954 ergo
1447 2922 1559 2941 omnes
1585 2912 1706 2941 mortui
1734 2916 1836 2948 sunt,
1872 2909 1913 2940 (7⁴¹
1937 2920 1997 2950 pro
2023 2907 2174 2939 omnibus
2199 2914 2349 2941 mortuus

1235 2968 1312 2993 est.
1355 2958 1460 2989 Nullo
1486 2957 1582 2988 modo
1608 2956 1666 2992 hic
1692 2967 1817 2999 negare
1841 2957 2056 2996 permitteris
2072 2975 2082 2993 ,
2120 2956 2259 2986 nonnisi
2283 2965 2346 2997 pro

1237 3007 1293 3040 his
1308 3027 1318 3045 ‚
1343 3008 1396 3048 qui
1422 3006 1541 3035 mortni
1570 3010 1670 3042 sunt,
1695 3010 1854 3034 mortuum
1874 3000 1982 3032 fuine
2001 3000 2164 3033 Jesum...
2192 2999 2349 3044 Quapro-

1235 3063 1311 3098 pter
1339 3055 1368 3083 si
1398 3050 1519 3082 nullum
1546 3049 1683 3082 trahunt
1707 3055 1879 3090 peccafum
1897 3048 2027 3089 parvuli
2042 3068 2054 3086 ,
2078 3060 2142 3079 non
2162 3055 2239 3079 sunt
2262 3059 2351 3080 mor-

1237 3102 1309 3134 tni:
1344 3110 1373 3129 st
1401 3108 1464 3128 11οη
1491 3103 1567 3128 sunt
1592 3099 1713 3127 mortui
1729 3116 1740 3134 ‚
1765 3106 1829 3126 non
1856 3101 1907 3125 est
1934 3102 2080 3127 mortuus
2105 3105 2166 3138 pro
2191 3097 2266 3134 eis,
2292 3097 2347 3138 qui

1237 3159 1300 3179 non
1328 3151 1380 3175 est
1400 3150 1545 3174 mortuns
1564 3140 1633 3174 nisi
1660 3153 1722 3184 prr»
1739 3144 1880 3172 mortuis
1897 3162 1904 3170 -
1933 3138 1979 3172 Τιι
1997 3149 2107 3173 antem
2126 3140 2199 3187 jam
2220 3144 2253 3172 in
2271 3144 2345 3183 pri-

1238 3206 1287 3225 mo
1300 3200 1353 3223 tuo
1368 3189 1456 3222 libro
1482 3197 1599 3222 contra
1612 3201 1672 3220 nos
1688 3189 1839 3220 clamans
1857 3187 1982 3219 dixisti
2002 3208 2012 3227 ,
2040 3187 2215 3220 Christum
2243 3190 2345 3219 etiam

1237 3252 1296 3283 pro
1323 3238 1473 3280 parvulis
1499 3243 1684 3272 morcinum
1725 3235 1817 3267 nullo
1844 3234 1940 3266 modo
1975 3237 2083 3277 igitur
2119 3245 2244 3278 negare
2268 3242 2347 3274 per·-

1235 3286 1410 3323 rm‘tteris‚
1430 3295 1493 3317 tos
1519 3282 1657 3316 trahere
1682 3281 1855 3325 originale
1881 3288 2077 3324 peccatum.
2107 3291 2110 3293 ’
