2577 3633
861 138 941 185 DE
975 135 1180 180 SPIRIT.
1213 132 1257 175 S.

105 229 296 283 filiique,
339 227 386 269 (ῥ’
416 225 582 277 Spiritus
609 225 769 270 sancti,
811 219 1009 271 aequalem
1039 219 1134 253 item
1163 214 1221 252 dt-

108 289 306 337 gnitatem
323 311 334 331 ,
363 281 412 321 &⁶
433 288 674 318 coaeternum
705 278 916 326 imperium
936 276 977 309 in
997 267 1117 307 tribus
1133 281 1220 318 per-

97 337 228 389 fectis
256 332 559 389 hypostasibus,
602 337 680 369 sive
708 334 747 368 in
776 326 895 366 tribus
921 322 1106 375 perfectis
1134 333 1220 371 per-

112 394 242 428 sonis.
273 392 406 427 Annon
425 387 590 438 Spiritus
619 393 766 423 sanctus
794 387 942 433 aperte,
972 377 1009 413 δε,
1034 376 1222 426 conceptis

110 442 240 481 verbis
268 441 379 479 Deus
409 440 639 492 praedicatur
661 468 671 486 ,
713 450 800 475 cum
830 433 969 471 dicitur
1006 428 1147 466 habere
1177 441 1221 464 u-

111 509 201 533 nam
231 509 321 533 cum
351 494 459 532 Patre
477 523 487 541 ,
518 491 551 527 8<
582 490 684 530 Filio
712 490 888 528 deitatem
906 515 916 533 ,
947 480 1135 535 aequalem
1164 481 1224 519 di-

110 550 291 600 gnitatem
314 579 325 595 ‚
355 547 389 584 δι
417 555 648 583 coaeternum
677 538 915 595 imperium?

165 601 230 640 65.
261 601 440 651 Denique
482 600 522 636 S.
553 598 741 635 Damasus
771 594 932 631 Roman.
963 588 1133 626 Pontifex
1182 587 1223 624 in

110 668 180 692 sua
209 654 318 706 epist.
347 653 539 705 Synodica
569 653 584 702 (
614 650 715 702 apud
745 647 1025 685 'sheodoretum
1054 641 1142 680 Lib.
1171 638 1223 678 V.

110 706 219 744 Hist.
240 705 354 744 Eccl.
386 720 470 758 cap.
497 719 556 743 ιι.
587 705 601 751 )
633 712 832 755 postquam
862 700 1024 736 dixerat:
1055 692 1224 731 anathe-

110 764 358 797 matizamus
377 758 727 803 ltI‹zc‹2.tontanos-,
758 756 821 805 qui
850 752 898 790 tle
918 751 1003 788 Arii
1031 752 1149 798 stirpe
1165 759 1225 784 re·

111 817 267 851 trientes
296 827 375 849 non
417 811 632 863 perfidiam
662 817 864 845 mutavere
885 835 894 853 ‚
942 801 1011 841 sed
1046 813 1194 837 nomen
1212 828 1223 846 ‚

111 867 263 905 subdit:
294 866 337 903 Si
364 870 448 916 quis
478 878 557 902 non
574 864 718 900 dixerit
739 860 928 911 Spiritum
956 863 1145 894 sanctum
1175 851 1224 890 <le

110 918 234 957 Patre
261 932 348 957 esse
375 932 488 968 vere,
527 918 575 958 ὠ·
604 919 756 967 proprie
774 944 784 962 ,
814 916 912 950 sicut
941 908 1067 946 Filius.
1090 906 1137 943 <le
1167 905 1224 942 tli-

111 977 205 1013 5’ina
243 973 468 1011 substantia
489 1001 500 1020 ,
541 972 590 1010 <9⁴
620 968 759 1006 Deum.
795 976 954 1009 iterum,
999 958 1226 998 anatliema

110 1030 159 1064 sit
177 1053 187 1065 .
231 1026 312 1064 Post
343 1026 427 1064 haee
456 1030 728 1066 monumenta,
772 1020 857 1070 quis
901 1028 1071 1066 unquam
1097 1013 1225 1058 dicet,

110 1093 185 1118 nin
215 1080 331 1117 fuisse
360 1078 408 1115 ab
429 1075 600 1115 Ecclesia
629 1073 864 1125 apertissime
883 1068 1109 1113 definitum,
1138 1065 1228 1116 Spi-

109 1134 227 1170 ritum
259 1141 429 1170 sanctum
450 1143 527 1166 esse
556 1140 758 1179 personam
779 1125 972 1169 divinam,
1002 1120 1131 1166 Patri,
1162 1117 1227 1155 Fi-

109 1184 163 1224 lio
193 1198 240 1221 ue
268 1178 653 1222 consubstantialem?

165 1200 233 1283 64.
263 1237 303 1275 S.
334 1246 459 1274 autem
490 1234 662 1272 Hilarius
684 1230 771 1270 Lib.
794 1229 880 1267 XII.
911 1227 959 1265 (le
982 1225 1120 1263 Trinit.
1141 1223 1229 1276 Spi-

112 1292 233 1329 ritum
265 1299 438 1328 sanctum
469 1296 577 1339 negat
606 1300 683 1324 esse
712 1294 948 1326 creaturam3
979 1280 1076 1317 unde
1106 1278 1228 1316 mani-

111 1344 205 1381 feste
235 1357 321 1380 euni
353 1341 552 1380 confitetur
582 1354 658 1378 esse
687 1338 812 1375 Deum
830 1366 842 1384 ,
883 1348 972 1372 cum
1003 1335 1097 1371 iuter
1123 1344 1229 1369 crea·

113 1405 217 1435 tutas
234 1426 245 1444 ‚
274 1397 313 1432 &
329 1395 457 1434 Deum
472 1392 570 1432 nihil
600 1395 645 1431 sit
666 1391 838 1428 medium
855 1415 865 1426 .
897 1387 1045 1425 Deinde
1061 1387 1100 1423 in
1115 1385 1229 1422 Com-

111 1459 231 1487 ment.
285 1449 333 1486 ad
380 1450 452 1488 ista
494 1446 611 1484 verba
640 1446 725 1483 Jesu
772 1442 913 1481 Christi
960 1440 1062 1492 apud
1092 1435 1227 1476 Matth-

116 1503 307 1541 XXVIII.
336 1514 395 1553 19.
427 1499 579 1539 Euntes
608 1503 649 1536 in
679 1496 871 1534 muntium
892 1494 963 1531 &c.
991 1493 1231 1530 divinitatem

116 1556 293 1608 Spiritus
313 1556 432 1593 sancti
470 1551 682 1591 luculenter
712 1551 847 1587 fatetur
875 1549 1028 1585 dicens:
1070 1553 1110 1580 ut
1140 1556 1231 1594 quo-

117 1622 209 1647 rum
238 1618 297 1646 est
326 1621 410 1645 una
430 1606 613 1644 divinitas
630 1636 639 1653 ‚
670 1607 726 1641 sic
741 1616 823 1639 una
845 1602 1002 1652 largitio
1024 1629 1034 1642 ,
1063 1610 1230 1634 nomen·

119 1676 194 1712 que
227 1661 434 1699 Trinitatis
464 1673 563 1697 unus
593 1667 649 1695 est
679 1656 789 1694 Deus
807 1683 816 1693 .
861 1653 951 1691 Vid.
981 1651 1161 1689 Praefatio
1191 1652 1230 1687 in

115 1715 236 1754 Libro
265 1715 395 1753 Sancti
423 1713 565 1750 Hilarii
595 1710 643 1749 de
675 1709 813 1746 Trinit.
846 1721 951 1745 num.
982 1706 1041 1751 14.
1060 1704 1107 1740 .&
1133 1718 1212 1754 seq.

169 1769 235 1806 65.
266 1768 402 1806 Errant
430 1767 595 1817 denique
621 1764 858 1816 quicumque
887 1758 1137 1797 confidentius
1164 1770 1232 1793 ne-

119 1829 235 1874 gant,
278 1835 300 1858 a
328 1821 369 1859 S.
398 1818 540 1858 Basilio
577 1819 691 1855 fuisse
732 1827 904 1867 unquam
933 1812 1120 1862 Spiritum
1149 1822 1231 1845 san-

120 1884 227 1913 ctum
256 1872 492 1925 appellatum
515 1871 670 1909 Deum.
701 1869 809 1907 Nam
829 1867 936 1918 epist.
958 1863 996 1900 8.
1025 1861 1118 1900 alias
1144 1861 1231 1905 141.

125 1927 316 1980 Confiteri
336 1935 484 1978 oportet
502 1956 512 1972 ,
543 1925 666 1975 inquit
683 1952 694 1971 a
724 1921 856 1959 Deum
877 1917 1041 1954 Putrem
1059 1944 1069 1961 ,
1099 1913 1234 1951 Deum

117 1979 284 2034 Filium²
316 1980 448 2017 Deum
471 1978 657 2028 Spiritum
688 1983 875 2011 sanctum
891 2000 900 2018 ‚
931 1973 985 2006 uti
1005 1968 1158 2018 eloquia,
1180 1964 1236 2002 cli-

119 2038 242 2081 vinci,
265 2033 314 2073 ἔθ’
342 2036 473 2083 quiea
493 2029 694 2070 sublimius
713 2027 967 2071 intellexere,
998 2021 1235 2058 docuerunt.

123 2088 165 2125 In
194 2086 279 2124 aliis
309 2088 422 2124 etiam
451 2083 642 2137 operibus>
661 2082 737 2119 suis
766 2079 954 2130 Spiritum
984 2082 1155 2112 sanctum
1184 2084 1240 2108 es-

119 2154 159 2178 se
181 2139 281 2176 Patri
312 2135 666 2176 consubstantialem
689 2132 843 2171 invictis
873 2136 1241 2180 prorsusvargumen-

115 2194 165 2229 tis
195 2200 326 2228 contra
357 2189 655 2227 macedonianos
696 2183 873 2235 probavit
890 2210 909 2228 ,.
944 2179 1032 2216 licet
1062 2177 1239 2214 eumdem

120 2244 257 2283 Deum
290 2256 361 2280 non
391 2239 670 2292 appellaverit,
692 2235 793 2288 quod
822 2232 995 2286 prudenti
1017 2230 1239 2268 oeconomiae

118 2299 256 2336 tribuit
286 2297 325 2334 S.
347 2296 554 2344 Gregorius
583 2291 842 2329 Nazianzenus
868 2290 882 2337 (
913 2286 958 2322 de
990 2284 1105 2321 Hom.
1126 2281 1238 2320 XX-.:

119 2364 224 2390 nunc
268 2350 306 2387 in
350 2362 448 2386 nova
473 2347 562 2384 edit.
584 2344 724 2382 XLlll.
768 2353 918 2378 numer.
939 2337 1005 2385 68.
1036 2335 1070 2372 δι
1099 2335 1164 2387 69.
1195 2336 1238 2383 ),

119 2412 205 2442 tum
250 2417 296 2441 ne
326 2401 504 2440 infirmos-
541 2398 733 2450 quosdam·
752 2393 971 2432 Catliolicos
1008 2388 1239 2436 offenderet,

117 2459 186 2509 qui
219 2470 307 2493 cuin
351 2454 504 2492 aliunde
532 2452 770 2488 divinitatem
799 2447 963 2499 Spiritus
1004 2443 1122 2480 sancti
1152 2454 1240 2479 con-

120 2512 349 2556 fiterentur,
393 2504 638 2558 ambigebant
679 2512 804 2540 tamen
843 2500 890 2536 de
930 2497 1111 2540 noniiue3
1157 2503 1240 2532 tum

119 2563 244 2602 multo
274 2562 421 2612 tnagis,
453 2574 498 2597 ne
527 2559 557 2595 si
587 2556 657 2594 hoc
688 2552 953 2593 uomenDeus
973 2548 1134 2601 Spiritui
1155 2560 1238 2585 san-

121 2625 182 2655 cto
211 2615 468 2660 tribueretur,
499 2610 667 2649 haeretiei
700 2610 748 2646 in.
768 2606 913 2645 rabiem
937 2604 1056 2654 magis
1084 2614 1255 2654 agerem·

121 2678 208 2716 tur,
258 2668 293 2704 8(
323 2665 495 2719 expulsis⁴
532 2662 725 2701 catholicis
754 2659 971 2697 Pastoribus
1009 2655 1093 2707 lupi
1139 2653 1239 2691 ovile

122 2723 263 2760 Christi
287 2721 508 2759 invaderent
540 2718 602 2767 (a)
622 2743 631 2754 .
659 2716 837 2752 Ceterum
869 2713 905 2749 in
934 2708 1107 2747 Ecclesia
1125 2708 1240 2744 Occi-

122 2773 294 2822 dentati,
324 2774 392 2811 ubi
423 2774 547 2810 minor
578 2778 655 2806 erat
675 2767 944 2805 haereticorum
967 2764 1070 2799 furor
1087 2791 1098 2809 ‚
1128 2772 1239 2798 nemo

124 2828 317 2868 dubitavit
337 2827 524 2878 Spiritum
545 2831 717 2861 sanctum
734 2832 906 2871 expresse
927 2815 1058 2853 Deum
1078 2827 1236 2851 vocare.

179 2880 243 2919 66.
274 2879 366 2932 Obj.
398 2878 436 2916 8.
480 2877 653 2916 Ecclesia
683 2886 891 2925 numquam
922 2883 1005 2907 suas
1035 2865 1239 2920 preces-ad

126 2932 314 2985 Spiritum
344 2942 515 2970 sanctum
544 2930 695 2980 dirigit5
727 2928 803 2963 imo
833 2927 870 2963 in
888 2920 1062 2962 Concilio
1081 2919 1238 2957 Cartha-

127 2987 279 3037 ginensiv
298 2986 366 3024 111.
408 2984 578 3024 can..23.
608 2981 796 3020 sancitum
840 2979 938 3024 fuit,
981 2984 1026 3012 uc»
1065 2987 1154 3011 curn
1185 2970 1238 3008 (ul

128 3039 262 3076 altare
290 3043 513 3087 assistitur,
557 3047 714 3086 semper
755 3031 809 3069 acl
838 3031 1004 3068 Putrem
1046 3027 1239 3077 dirigatur

130 3093 260 3130 oratio
279 3105 296 3135 2·
338 3092 447 3143 cujus
475 3091 631 3144 quidem
669 3085 912 3130 vetustissimi
941 3083 1054 3122 moris
1085 3080 1168 3118 haec
1199 3092 1241 3116 u-

181 3277 227 3311 (α)
256 3270 338 3304 Non
361 3269 571 3310 defuerunt,
611 3270 671 3314 qui
710 3275 871 3301 sanctum
896 3263 1064 3297 Basilium
1097 3265 1238 3304 propter

134 3319 225 3353 hanc
251 3319 477 3351 oeconomiam
518 3314 832 3360 reprehenderent3
869 3309 1034 3344 adversus
1060 3318 1143 3352 quos
1169 3303 1239 3336 vid.

134 3367 180 3402 D.
207 3365 367 3400 Julianus
404 3362 553 3397 Garnier
577 3360 699 3397 Ordin.
727 3360 845 3396 Sancti
881 3355 1060 3392 Benedicti
1084 3354 1120 3387 in
1153 3361 1253 3396 prat-⁷

1290 123 1658 175 DIVINITATE
1676 153 1688 166 .
2261 118 2347 167 157

1289 224 1336 248 na
1363 216 1482 261 potest
1512 220 1588 245 esse
1617 204 1738 251 ratio,
1780 198 1880 254 quod
1922 210 2010 236 cum
2039 194 2205 249 Spiritus
2245 201 2394 231 sanctus

1288 266 1334 301 sit
1365 262 1495 299 aeterni
1515 259 1634 298 Patris
1660 257 1805 294 donum
1823 285 1833 302 ,
1864 265 2018 305 :equum
2037 264 2110 289 non
2139 257 2216 296 est,
2246 254 2285 284 ut
2305 258 2395 282 eum

1288 317 1565 367 deprecemur,
1595 311 1657 350 sed
1687 310 1812 361 potius
1842 305 1988 344 Patrem
2006 334 2016 354 ‚
2046 305 2112 356 qui
2134 304 2262 354 ipsum
2288 298 2406 336 nohis

1288 369 1425 406 donat.

1343 420 1408 472 67.
1438 416 1574 471 Hesp„
1603 430 1734 470 preces
1762 413 1896 453 referri
1925 411 1972 449 ad
2000 410 2168 456 Patrem,
2198 415 2394 458 tamquam

1290 474 1337 510 ad
1367 475 1599 524 principium
1618 479 1783 527 ‚0athe
1811 466 1986 505 omnium
2014 461 2199 501 bonorum
2229 461 2367 498 fontem
2385 487 2396 505 ,

1289 539 1363 564 non
1393 525 1623 563 excludendo
1652 533 1775 561 tamen
1805 519 1951 558 Filium
1969 548 1979 565 ‚
2009 517 2076 568 qui
2105 524 2226 552 noster
2255 513 2398 550 media-

1290 589 1347 616 tor
1377 587 1447 626 est,
1491 578 1523 613 8<
1552 591 1664 614 causa
1693 574 1910 621 meritoria,
1947 584 2070 622 neque
2099 568 2284 619 Spiritum
2314 577 2397 602 san-

1294 641 1398 670 ctum
1417 661 1426 679 ,
1457 640 1496 668 ut
1525 631 1765 680 adjutorem,
1808 627 1878 679 qui
1905 633 1983 662 orat
2013 635 2081 676 pro
2115 620 2232 658 nobis·
2250 618 2405 669 gemiti-

1290 685 1363 723 bus
1393 683 1712 721 inenarrabilibus
1730 708 1740 719 .

1347 737 1413 775 68.
1443 735 1535 786 Obj.
1564 749 1602 787 9.
1631 735 1757 773 Sanct.
1795 732 2024 775 Dionvsium
2066 724 2398 770 Alexandrinum,

1292 804 1408 843 quem
1438 790 1562 840 inquit
1590 788 1717 826 Sanct.
1739 778 1906 825 Basilius'
1929 785 2036 835 epist.
2055 795 2093 835 9.
2111 811 2122 829 ,
2152 779 2245 818 alias
2265 777 2330 824 41.
2351 775 2398 813 de

1292 844 1436 894 Spiritu
1465 854 1576 879 voces
1604 844 1780 878 emisisse
1810 842 1975 876 minime
2010 835 2154 887 (lignus
2174 863 2184 881 ‚
2227 830 2276 869 ab
2305 829 2400 867 arlo-

1292 906 1388 935 γαῖα.
1414 895 1524 933 illurn
1552 894 1698 931 <leittue
1725 895 1964 945 sejungens,
2007 889 2056 929 <9³
2085 892 2126 925 in
2155 882 2399 937 inferioribus

1293 964 1376 988 una
1405 962 1496 987 cum
1524 956 1665 985 creata
1693 959 1744 983 ac
1773 949 1958 983 ministra
1977 950 2127 979 natura,
2148 949 2396 992 numerum-s.

1349 1004 1415 1055 69.
1446 1001 1557 1053 Hesp.
1575 1031 1585 1048 ‚
1617 1001 1768 1038 fortasse
1798 998 1881 1036 haec
1910 996 2054 1045 scripta-
2078 995 2192 1032 fuisse
2222 1007 2243 1028 a
2262 991 2400 1028 Sancto

1296 1057 1460 1104 Basilio,
1501 1064 1706 1106 antequam
1736 1051 1904 1101 ejusdem
1925 1049 1965 1086 S.
1981 1048 2158 1099 Dionysii
2187 1043 2400 1096 apologiam

1296 1111 1343 1149 ad
1363 1109 1436 1148 sibi
1452 1108 1723 1159 cognominem
1745 1104 1855 1141 Rom.
1875 1100 2092 1139 Pontificem
2115 1099 2280 1151 legisset.
2300 1096 2402 1134 Scri-

1296 1173 1361 1216 pta
1389 1163 1489 1200 enim
1521 1161 1604 1198 haec
1633 1156 1792 1211 epistola
1820 1156 1946 1194 Sancti
1976 1152 2106 1191 Basilii
2135 1151 2301 1189 creditur
2328 1149 2404 1186 cir-

1296 1231 1342 1255 ca
1370 1230 1511 1254 annum
1533 1213 1652 1259 561-.;
1681 1221 1716 1249 at
1746 1222 1836 1249 vero
1865 1210 1905 1246 in
1935 1206 2034 1244 libro
2061 1205 2108 1242 tle
2136 1205 2282 1255 Spiritu
2309 1214 2402 1238 sun-

1295 1279 1359 1308 oto
1388 1278 1512 1321 postea
1542 1265 1763 1305 elucubrato
1791 1277 1875 1314 cap.
1899 1274 1961 1312 29.
1991 1258 2167 1297 eumdem
2196 1256 2236 1294 S.
2257 1255 2406 1304 Diony-

1296 1325 1396 1361 sium
1427 1325 1466 1360 in
1497 1323 1542 1359 iis
1571 1327 1770 1365 numerat,
1799 1316 1868 1369 qui
1888 1314 2055 1366 Spiritus
2082 1310 2200 1349 sancti
2230 1308 2404 1345 divinita·

1297 1386 1376 1415 tem
1416 1375 1700 1427 praedicarunt,
1748 1370 1994 1421 ejusdemque
2034 1364 2198 1401 illustria
2235 1362 2276 1398 in
2306 1359 2405 1397 hane

1297 1443 1380 1467 rem
1400 1429 1611 1466 testimonia
1627 1424 1734 1463 affert
1751 1449 1761 1461 .
1791 1423 1844 1459 Ita
1857 1422 2030 1472 opinatus
2045 1425 2097 1454 est
2113 1414 2381 1453 Tilleinontius
2393 1437 2403 1449 .

1354 1496 1417 1533 70.
1448 1480 1527 1519 Alii
1557 1492 1645 1518 vero
1675 1477 1856 1521 credunt,
1888 1473 2036 1510 Sancto·
2055 1467 2196 1507 Basilio
2224 1480 2296 1504 non
2324 1479 2414 1503 sen-—

1296 1537 1453 1574 tentiam
1476 1535 1603 1572 Sancti
1620 1530 1796 1582 Dionysii
1817 1525 2055 1577 displicuisse
2071 1552 2080 1570 ‚
2111 1523 2172 1559 sed
2203 1519 2318 1556 verba
2334 1533 2408 1557 non

1299 1591 1385 1627 satis
1414 1596 1522 1625 caute
1552 1587 1588 1623 in
1620 1594 1710 1622 aestu
1753 1579 2017 1632 disputationis
2059 1588 2147 1613 cuin
2176 1571 2407 1611 Sabellianis

1299 1641 1445 1695 prolata
1461 1666 1470 1679 .
1502 1641 1556 1678 Ita
1584 1639 1635 1676 D.
1655 1636 1835 1675 Julianus
1859 1631 2024 1670 Gai-niet
2051 1631 2101 1667 in-
2122 1628 2216 1666 notis
2244 1625 2409 1663 selectis.

1358 1709 1421 1746 7¹·
1451 1694 1524 1730 Sed
1553 1690 1740 1743 quidquid
1770 1689 1842 1734 sit,
1890 1694 1989 1722 certe
2015 1696 2086 1721 non
2116 1688 2232 1732 potest
2274 1677 2409 1716 melius

1302 1749 1479 1786 divinitas
1496 1745 1682 1797 'Spiritus
1702 1742 1818 1779 sancti
1849 1736 2062 1783 declarari,
2105 1748 2222 1786 quam
2252 1732 2298 1769 iis
2326 1744 2409 1768 ver-

1305 1802 1365 1840 bis
1382 1830 1391 1847 ,
1420 1797 1623 1850 quibus-S.
1644 1795 1853 1845 Dionysius
1881 1805 1968 1828 usus
1998 1797 2047 1826 est
2070 1788 2108 1823 in
2138 1800 2245 1837 resp..
2265 1785 2413 1835 adpro-

1307 1854 1508 1904 positiones
1539 1848 1647 1886 Pauli
1675 1844 1905 1884 Samosateni
1928 1871 1939 1889 ‚
1975 1841 2172 1891 inquiens:
2215 1835 2309 1873 Non
2339 1841 2412 1873 im-

1304 1918 1406 1956 pune
1422 1903 1535 1955 feret
1565 1906 1623 1947 is,
1666 1902 1730 1950 qui
1759 1896 1946 1935 adversus
1985 1893 2196 1943 benignum
2225 1888 2412 1937 Spiritum

1305 1966 1490 1996 stinctum
1511 1952 1760 2004 blasphemus
1776 1959 1854 1987 est.
1876 1947 2038 1997 Spiritus
2052 1954 2188 1982 autem
2209 1952 2266 1980 est
2281 1941 2412 1980 Deus.

1306 2011 1353 2049 Et
1397 2013 1436 2047 in
1467 2010 1576 2059 epist.
1613 2006 1658 2043 ad
1704 2004 1880 2041 eumdem
1910 1998 2072 2036 Paulum
2101 1997 2412 2034 Samosatenum:

1307 2063 1397 2101 ,Nisi
1426 2065 1533 2099 enim
1551 2090 1560 2107 ,
1590 2058 1712 2109 inquit
1729 2086 1740 2103 ,
1770 2062 1870 2092 esset
1895 2051 2067 2089 Christus
2087 2048 2196 2086 Deus
2220 2047 2258 2084 V
2255 2047 2412 2096 erbum,

1307 2130 1387 2153 non
1415 2117 1599 2164 potuisset
1627 2123 1713 2146 non.
1736 2120 1822 2146 esse
1850 2113 2012 2157 peccato
2026 2101 2240 2156 obnoxius.
2272 2099 2414 2138 Nullus

1308 2172 1416 2206 enirn
1445 2180 1526 2203 non
1553 2164 1742 2202 obnoxius
1771 2169 1829 2197 est*
1856 2167 2039 2209 peccato,
2069 2158 2144 2192 nisi
2173 2167 2272 2190 unus
2305 2152 2413 2190 Clari-

1308 2231 1415 2268 stus,
1445 2229 1485 2256 ut
1514 2219 1562 2259 ζ’)
1592 2217 1712 2254 Pater
1745 2213 1916 2258 Christi,
1952 2211 2002 2250 ἔθ’
2031 2208 2196 2256 Spiritus
2223 2216 2427 2244 sanctus-.-

1365 2288 1427 2326 72.
1457 2272 1588 2323 Objic.
1619 2270 1685 2307 ult.
1717 2282 1791 2304 una
1819 2279 1908 2303 cum
1939 2261 2224 2301 Macedonianis
2252 2260 2351 2310 apud
2373 2259 2424 2297 S..

1309 2328 1556 2366 Athanasium
1601 2325 1708 2375 epist.
1747 2321 1872 2371 prima
1906 2315 1961 2354 ad
1989 2315 2250 2363 Serapionem
2282 2326 2318 2349 n.
2353 2313 2424 2350 15-

1308 2381 1350 2419 Si
1379 2381 1544 2430 Spiritus
1572 2390 1634 2414 res
1662 2382 1803 2412 creatu.
1833 2384 1912 2407 non
1942 2377 2025 2415 est,
2069 2379 2194 2415 neque
2231 2378 2331 2402 unus
2361 2378 2413 2401 ex

1309 2434 1471 2487 Angelis
1489 2462 1498 2479 ‚
1528 2429 1597 2468 sed
1616 2442 1668 2466 ex
1684 2428 1804 2465 Putre
1823 2421 1995 2475 procedit
2011 2436 2026 2465 ;
2056 2424 2171 2472 igitur
2185 2417 2305 2456 Filius
2324 2430 2415 2467 quo-

1307 2501 1381 2539 que
1409 2491 1488 2538 ipse
1517 2481 1702 2521 (licentius
1732 2487 1812 2526 est,
1840 2473 2180 2525 proindeque-<luo
2209 2470 2426 2522 sunt‘frtz·

1307 2550 1412 2587 tres,
1443 2543 1522 2589 ipse
1551 2536 1723 2581 scilicet,
1759 2532 1808 2572 (9⁴
1841 2528 2037 2568 Verbum.
2084 2525 2196 2576 Quod
2224 2529 2257 2561 si
2274 2524 2416 2576 frater

1308 2603 1392 2641 est,
1422 2590 1602 2643 quifieri
1631 2595 1780 2638 potest,
1810 2593 1850 2621 ut
1878 2585 2123 2634 unigenitum
2153 2581 2202 2614 sit
2224 2576 2415 2625 Verbum',

1307 2648 1363 2685 vel
1392 2655 1436 2683 ut-
1461 2643 1644 2694 aequtzles
1663 2653 1744 2677 non
1774 2642 1876 2684 sint,
1919 2635 1988 2673 sed
2017 2633 2076 2670 hic
2105 2640 2188 2684 post
2218 2630 2383 2669 Patrem
2403 2659 2414 2677 ‚

1306 2701 1370 2738 ille
1398 2707 1480 2750 post
1509 2695 1650 2733 Filium
1693 2687 1959 2729 nominetur?
2002 2687 2042 2725 Si
2072 2690 2166 2723 item
2213 2698 2265 2722 ex
2295 2683 2428 2721 Patre

1307 2762 1365 2792 est
1387 2783 1397 2800 ‚
1427 2763 1496 2789 cur
1525 2762 1605 2785 non
1633 2746 1682 2786 (θ’
1711 2749 1792 2794 ipse
1821 2746 1976 2796 genitus
1996 2771 2007 2788 ‚
2051 2748 2119 2777 aut
2149 2735 2268 2775 Filius
2297 2749 2382 2773 esse
2403 2765 2416 2783 ,

1307 2805 1376 2844 secl
1404 2803 1631 2854 simpliciter
1652 2799 1815 2848 Spiritus
1844 2804 2008 2833 sanctus
2035 2789 2207 2829 elicitur?
2236 2790 2431 2838 Denique·

1306 2863 1339 2897 si
1362 2858 1454 2895 Filii
1483 2856 1638 2892 dicatur
1665 2864 1751 2889 esse
1779 2849 1943 2900 Spiritus
1964 2877 1975 2894 ‚
2024 2846 2145 2883 Pt'iter
2187 2856 2279 2894 ergo
2321 2853 2417 2878 avus

1308 2921 1365 2949 est
1407 2911 1572 2961 Spiritus
1614 2908 1776 2943 sancti..
1811 2895 2167 2946 Ilaec‘turpissimi
2210 2895 2415 2942 homines,

1306 2965 1431 3004 subdit
1463 2962 1688 3001 Athanasius
1709 2988 1720 3006 ,
1764 2953 1985 2994 cavillando
2014 2949 2222 2997 effutiunt,
2258 2951 2322 2998 qui
2350 2960 2429 2984 cu·-

1307 3021 1446 3056 riosius
1475 3012 1672 3067 profunda
1693 3010 1770 3049 Det
1799 3011 1970 3046 scruta-ri
1989 3013 2184 3042 conantur
2200 3032 2210 3049 ‚
2239 3014 2327 3051 quoe
2348 3013 2430 3036 neo-

1309 3086 1372 3110 mo
1401 3074 1503 3108 novit
1519 3099 1539 3117 ‚¹
1559 3070 1635 3105 nisi
1654 3064 1819 3115 Spiritus
1838 3060 1916 3100 Dei
1933 3089 1955 3108 ,Ι
1974 3058 2022 3096 de
2041 3070 2113 3108 quo
2142 3055 2207 3093 illi.
2223 3063 2312 3093 tam
2342 3058 2429 3090 im·-

2303 3119 2364 3156 Ple

1307 3254 1370 3288 fati
1396 3249 1490 3284 tertii
1512 3246 1613 3281 Tomi
1632 3238 1922 3289 OperumSancti
1942 3235 2059 3269 Basilii
2080 3238 2111 3275 §-
2133 3235 2187 3271 3.‚
2213 3234 2244 3262 δι
2259 3230 2290 3261 Ρ.
2312 3225 2427 3259 Πιηιιῖ,Α

1308 3301 1434 3335 Maran
1458 3292 1615 3341 ejusdem
1640 3288 1781 3326 Ordinis
1807 3287 1843 3319 in
1863 3285 1945 3319 Vita
1970 3283 2088 3315 Sancti
2113 3278 2231 3312 Basilii
2257 3284 2330 3317 cap.
2362 3274 2428 3304 18..
