2577 3633
282 221 399 259 libros
427 218 475 256 de
502 220 699 269 principiis
727 219 865 257 nedum
892 218 1058 271 legerat,
1088 221 1151 257 sed
1179 223 1293 258 etiam
1320 234 1381 258 ›ro—

279 283 384 324 gatus
413 287 434 309 a
463 271 706 310 Pammachio
743 274 782 310 in
816 272 1025 310 Romanam
1067 271 1238 324 linguam
1281 283 1379 312 trau-

279 324 460 371 stulerat,
490 334 530 361 ut
559 339 602 362 ea
629 327 858 377 corrigeret,
888 339 974 377 quae
1005 325 1203 375 Ruffinus,
1233 328 1380 365 eosdem

275 377 393 415 libros
421 376 535 415 latine
577 389 720 416 vertens
741 408 751 426 ,
793 377 940 416 sublata
976 378 1052 416 fide
1087 380 1380 429 immutaverat,

275 444 513 482 quamquam
537 431 641 469 bono
669 432 767 479 fine,
798 441 837 468 ut
856 440 1025 468 amatum
1046 445 1157 470 suum
1177 433 1381 484 Origenem

275 483 324 520 ab
354 483 545 521 erroribus
573 493 824 535 expurgaret.
866 483 1120 522 Vehementer
1161 485 1286 524 dolent
1315 502 1379 525 au-

278 537 473 587 tiquorum
502 536 687 574 librorum
715 546 926 584 amatores,
970 536 1078 574 illam
1108 538 1377 591 Hieronymia-

275 602 364 627 nam
394 590 601 627 versionem
631 598 844 641 temporum
870 589 1015 640 ⁴injuria
1043 592 1196 641 periisse
1217 619 1228 630 .

327 643 417 680 252.
448 643 546 678 Huic
575 651 700 678 autem
730 641 770 679 S.
801 642 1028 695 Hieronymi
1057 642 1200 693 judicio
1229 654 1372 689 tantum

271 693 404 732 detulit
432 694 471 731 S.
493 693 666 731 Gelasius
694 694 821 746 Papa,
852 704 893 732 ut
919 697 960 733 in
988 695 1129 734 celebri
1159 711 1225 746 sua
1254 700 1374 750 Syno-

272 747 320 784 do
350 746 479 783 Romae
510 761 573 784 an.
594 747 684 798 496.
717 747 906 786 celebrata
933 750 986 786 ita
1012 752 1203 787 statuerit:
1237 751 1374 800 Orige-

266 803 334 835 nis
363 799 554 836 nonnulla
570 800 783 850 opuscula,
813 814 902 852 quoe
931 806 987 840 Vir
1005 801 1251 841 beatissimus
1279 800 1374 842 Hie-

263 864 465 903 ronymus
493 866 573 890 nori
601 853 804 903 repudiat,
833 855 1002 907 legenda
1029 860 1286 906 suscipimus5
1314 871 1374 894 re-

268 904 374 956 liqua
400 914 538 943 autem
567 910 704 944 omnia
734 920 825 944 cum
852 917 1013 947 auctore
1033 922 1101 947 suo
1129 909 1373 948 elicimuses-

271 971 314 995 se
342 958 575 997 renuendas

322 1012 411 1050 253.
443 1013 677 1065 Hieronymo
719 1016 898 1053 consentit
926 1014 966 1054 S.
998 1015 1238 1068 Epiphanius
1275 1015 1373 1054 Hee-

264 1069 343 1101 resi
363 1064 503 1102 LXIV.
522 1096 532 1114 ,
564 1065 597 1102 δε
628 1068 667 1104 in
697 1068 803 1119 epist.
833 1069 880 1105 ad
907 1069 1090 1106 Joaunein
1120 1068 1373 1121 ¹ierosolymo-

268 1130 355 1154 rum
395 1118 634 1170 Episcopum
664 1124 678 1168 (
710 1122 806 1158 iuter
842 1121 1161 1173 Hieronymianas
1188 1123 1253 1160 LI.
1285 1122 1299 1169 )
1330 1124 1371 1160 ln

265 1171 392 1221 primo
421 1172 522 1208 enim
551 1170 633 1210 loco
671 1171 754 1210 haee
782 1173 828 1210 de
857 1175 1018 1224 Origene
1047 1174 1181 1213 habet:
1225 1175 1286 1212 Eo
1315 1184 1370 1212 te-

268 1227 466 1261 meritatis
484 1237 710 1275 progressus
729 1235 807 1274 est,
837 1235 877 1262 ut
897 1236 1055 1264 asserat
1074 1258 1085 1276 ‚
1111 1226 1371 1278 Unigenitum

269 1273 410 1312 Filium
431 1277 593 1314 Putrem
623 1278 750 1316 videre
777 1292 856 1315 non
875 1292 1008 1328 posse,
1036 1293 1164 1331 neque
1183 1282 1369 1331 Spiritum

287 1327 429 1377 ilium,
458 1343 581 1379 neque
602 1330 774 1381 Angelos
802 1331 1010 1380 Spiritum,
1040 1345 1164 1384 neq-ue
1193 1333 1370 1372 liomines

263 1383 464 1433 Angelos.
495 1383 620 1432 Atque
649 1382 708 1419 liic
735 1387 884 1433 primus
913 1385 1012 1422 illius
1041 1385 1172 1435 lapsus
1187 1385 1275 1435 fuit
1293 1413 1302 1424 .
1333 1387 1370 1424 I-

261 1443 306 1470 trz
341 1438 447 1472 enim
476 1448 529 1471 ex
558 1434 688 1472 Patris
728 1435 952 1474 substancia
980 1438 1122 1474 Filium
1165 1452 1250 1476 esse
1278 1453 1369 1478 cen-

262 1496 340 1535 set,
372 1486 675 1525 utniliilominus
694 1498 852 1526 creatus
867 1489 1018 1540 fuerit·
1053 1491 1180 1541 Quem
1209 1493 1366 1542 quidem

261 1541 347 1578 sola
377 1539 415 1576 td
441 1545 577 1592 gratia
612 1552 863 1579 consecutum
900 1547 1133 1593 existimat,
1177 1555 1217 1582 ut
1246 1545 1364 1585 Filius

260 1593 477 1631 (liceretur.
526 1595 568 1632 In
597 1594 714 1632 altero
760 1605 886 1633 autem
916 1597 999 1635 loco
1028 1608 1132 1636 vocat
1161 1599 1363 1649 Origeuem

259 1648 345 1684 Arii
383 1656 564 1698 putrem,
610 1649 660 1689 ὠ
687 1649 865 1687 aliarum
908 1648 1109 1690 haereseon
1157 1652 1363 1703 radicem,

259 1702 308 1741 Θ*
337 1710 571 1752 parentem.

316 1754 406 1798 254.
435 1754 568 1806 Neque
588 1755 750 1794 dissentit
764 1756 803 1794 S⁴
825 1759 1078 1807 Augustinus3
1107 1773 1195 1797 nam
1218 1760 1257 1797 in
1273 1760 1362 1798 Lib.

260 1805 307 1843 (le
336 1806 562 1843 Haeresibus
591 1820 629 1843 n.
649 1808 714 1851 45.
744 1818 941 1860 postquam
984 1810 1128 1862 aliquot
1155 1812 1282 1850 Sancti
1310 1813 1364 1850 -Ε-

263 1857 442 1910 Ρίρίιειηίἰ
463 1859 580 1898 verba
595 1860 779 1898 retulisset
799 1863 1006 1899 accusantis
1023 1864 1240 1914 Offigenem,
1263 1865 1365 1916 quod

258 1911 451 1949 Christum
470 1942 480 1960 ,
517 1912 551 1948 8<
580 1911 764 1964 Spiritum
803 1923 972 1952 sanctum
1002 1924 1042 1951 ut
1071 1926 1276 1954 creaturas
1305 1921 1364 1953 in-

261 1964 506 2012 troduceret,
535 1965 587 2002 ita
614 1965 766 2003 subdit:
797 1966 900 2002 Hoec
928 1967 1083 2016 quidem
1113 1969 1161 2007 de
1193 1970 1365 2021 Origene

258 2016 531 2066 Epiphanius.
571 2017 649 2054 secl
677 2021 741 2068 qui
769 2031 860 2055 eum
889 2018 1108 2069 defendunt
1128 2052 1138 2069 ‚
1181 2026 1295 2060 unius
1323 2036 1363 2060 e-

252 2070 413 2121 juslem
454 2068 685 2106 substantioe
714 2083 825 2118 esse,
869 2070 1001 2108 dicunt
1037 2072 1242 2122 docuisse,
1285 2075 1363 2112 Pa-

257 2132 380 2169 trem,
410 2122 458 2161 ά»
486 2121 651 2171 Filium,
687 2123 735 2163 ὠ
765 2123 953 2173 Spiritum
981 2136 1193 2174 sanctum,
1237 2140 1362 2178 neque

256 2179 584 2213 resurrectionem
604 2177 791 2225 repulisse
812 2187 1054 2215 mortuorum
1070 2195 1085 2223 ,-
1115 2184 1292 2231 quamvis
1311 2181 1361 2221 <9⁶

257 2233 299 2266 in
328 2232 408 2265 istis
437 2243 527 2266 eum
546 2233 776 2267 convincere
802 2229 1013 2279 studeant,
1043 2236 1105 2282 qui
1133 2235 1220 2285 ejus
1246 2234 1362 2282 plura

258 2283 458 2334 legerunt.
487 2282 535 2320 Et
563 2297 780 2334 quanquam
809 2284 855 2321 de
883 2283 954 2321 hoc
983 2297 1108 2322 errore
1136 2300 1210 2324 non
1238 2289 1362 2325 omni-

255 2349 310 2374 no
338 2345 460 2373 certus
489 2334 544 2372 ibi
588 2337 760 2375 videatur
787 2335 827 2373 S.
858 2336 1114 2388 Augustinus,
1157 2340 1362 2378 certissime

258 2398 385 2426 tamen
428 2389 473 2426 de
502 2388 586 2426 aliis
629 2389 818 2427 erroribus
846 2390 1049 2441 Origenem
1093 2402 1267 2441 accusat,
1309 2395 1362 2432 ita

260 2454 442 2493 pergens:
471 2441 549 2478 Sed
577 2452 667 2479 sunt
699 2442 883 2494 Origenis
913 2444 998 2481 alia
1027 2443 1247 2496 (logmata,
1275 2459 1361 2497 quoe

257 2495 454 2532 catholica
483 2493 667 2533 Ecclesia
695 2499 857 2534 omnino
885 2509 966 2533 non
1007 2502 1168 2548 recipit,
1211 2502 1252 2535 in
1281 2503 1362 2549 qui-

257 2547 324 2585 bus
352 2561 425 2586 nec
455 2551 581 2599 ipsum
612 2552 626 2599 (
655 2548 896 2601 Epiphanius
927 2548 1077 2600 )f‹2lso
1106 2555 1259 2602 arguit,
1289 2565 1363 2589 nec

257 2610 382 2651 potest
409 2600 460 2638 ab
489 2603 573 2653 ejus
602 2600 870 2652 defensoribus
886 2601 1010 2653 falli.
1040 2603 1121 2641 Alii
1148 2603 1279 2656 legunt
1294 2618 1364 2642 ex—

251 2658 391 2691 -cusari
421 2654 483 2705 (a)
502 2681 512 2692 .

314 2708 404 2744 255.
436 2707 588 2746 Accedit
608 2708 839 2747 Justinianus
858 2710 1068 2762 Imperator
1083 2740 1094 2758 ‚
1118 2711 1190 2762 qui
1211 2710 1362 2749 inTra-

256 2768 366 2797 ctatu
394 2759 580 2798 adsersus
612 2761 796 2813 Origenis
836 2776 989 2801 errores
1031 2765 1146 2802 misso
1174 2765 1221 2802 ad
1249 2763 1361 2802 Men-

258 2827 346 2851 nam
367 2812 623 2851 Patri-archam
644 2816 1104 2867 Constantinopolitanum
1121 2847 1132 2865 ,
1161 2819 1214 2855 ita
1243 2818 1289 2854 de
1309 2817 1359 2854 O-

258 2868 387 2918 rigene
415 2865 611 2917 loquitur:
644 2866 718 2917 Qui
748 2878 844 2906 ante
871 2874 1010 2907 omnia
1039 2874 1080 2907 in
1108 2874 1239 2919 ipsam
1267 2883 1361 2907 san-

259 2929 370 2956 ctam
388 2949 398 2966 ,
441 2921 489 2959 <9¹
518 2919 893 2960 consubstantialem
925 2921 1160 2960 Trinitatem
1188 2922 1363 2974 blasphe-

264 2976 368 3010 mius
397 2985 516 3010 ausus
545 2983 602 3012 est
632 2973 761 3013 (licere
780 2990 796 3020 ,-
839 2974 1006 3014 Patrem
1048 2978 1249 3028 majorem
1278 2989 1362 3015 esse

308 3121 352 3153 (a)
377 3118 501 3152 Nescio
539 3120 708 3162 quomodo
745 3123 951 3156 Lambertus
977 3124 1127 3157 Danaeus
1160 3124 1363 3158 'Calvinista

262 3164 298 3195 in
324 3161 610 3199 Adnotationihus
635 3168 676 3200 ad
703 3168 795 3201 hunc
821 3170 853 3201 S.
881 3170 1065 3212 Augustini
1090 3171 1206 3203 locum
1233 3183 1364 3205 assere-

263 3220 300 3241 re
328 3209 474 3259 1)o·tmrit
492 3231 503 3249 ,
529 3213 711 3255 origenem
732 3216 835 3247 fuisse
862 3216 1038 3258 primum,
1064 3216 1123 3258 qui
1149 3217 1277 3250 Filium
1302 3230 1363 3250 vo-

262 3263 391 3287 caverit
428 3253 605 3287 vucs'ffwv.
641 3258 815 3292 Editiones
841 3262 995 3294 Maurini
1020 3271 1177 3295 veterum
1203 3263 1361 3297 codicum

264 3300 469 3333 auctoritate
499 3303 709 3335 reticuerunt
728 3308 902 3348 sequentia
918 3307 1021 3340 verba
1034 3329 1044 3347 ‚
1069 3320 1145 3351 quae
1160 3321 1177 3340 a
1197 3309 1334 3342 petavio
1349 3331 1360 3349 ,

266 3346 412 3388 aliisque
449 3345 691 3381 addebantur:
730 3349 831 3384 Dicit
864 3361 1022 3394 praetereu
1054 3357 1129 3395 ipse
1161 3355 1360 3399 Origenes,

992 138 1394 185 DISSERTATIO
1427 141 1506 186 III.
1558 141 1685 185 CAP.
1709 136 1830 184 Vm.

1449 220 1543 259 Filio
1561 251 1571 269 ,
1600 220 1742 258 Filium
1771 220 1920 256 Sancto
1940 217 2108 270 Spiritu,
2137 220 2326 273 Spiritum
2355 221 2553 262 Sanctum

1449 275 1537 312 aliis
1565 273 1756 324 spiritibus
1773 298 1783 310 .
1826 271 1947 309 Porro
1975 271 2046 310 lzoc
2073 274 2128 311 ad
2156 279 2403 324 impietatem
2431 289 2554 314 suam

1448 326 1625 374 addidit,
1672 335 1712 363 ut
1741 325 1913 372 diceret,
1959 338 2032 362 nec
2074 339 2185 375 posse
2213 327 2356 365 Filium
2385 329 2553 367 Patrem.

1448 380 1607 426 wilere,
1653 392 1727 416 nec
1756 378 1945 427 Spiritum
1987 378 2180 416 Sanctum
2216 379 2381 419 Filium:
2423 387 2553 433 ipsum

1448 432 1618 479 filium,
1660 431 1710 472 ὠ
1739 431 1927 481 Spiritum
1956 431 2152 469 Sanctum
2187 443 2393 472 creaturas
2431 449 2516 473 esse
2535 450 2552 480 5

1445 485 1619 535 quodque
1647 498 1719 522 nos
1747 497 1883 521 sumus
1911 484 1966 521 ad
1993 483 2137 521 Filium
2158 514 2168 532 ,
2208 484 2355 523 Filium
2383 501 2468 526 esse
2496 487 2555 526 ad

1447 538 1608 575 Patrem
1629 563 1640 574 .
1670 538 1743 574 Hic
1763 538 1967 575 Jusn'niani
1988 537 2144 589 Augusti
2165 537 2364 576 Tractatus
2392 540 2465 577 fuit
2486 555 2554 591 po-

1443 599 1519 629 stea
1547 605 1569 627 a
1598 589 1751 641 Synodo
1779 590 1856 639 V.,
1899 590 1933 626 &
1962 605 1983 628 a
2012 604 2161 629 summo
2190 590 2372 629 Ponti-fiee
2408 592 2553 644 Vigilio

1441 643 1645 695 probatus.

1497 696 1586 734 256.
1619 696 1775 734 Accedit
1805 697 1968 748 denique
1998 697 2174 735 Leontius
2201 699 2241 735 in
2263 697 2380 736 Libro
2399 697 2462 736 De
2482 697 2552 736 Se-

1443 753 1513 786 ctis
1544 752 1626 787 Act.
1655 762 1713 787 10.
1758 749 1825 787 ubi
1854 750 1999 802 iuquit:
2061 750 2252 800 Quamvis
2279 754 2294 801 (
2324 753 2501 802 Origenes
2530 752 2548 800 ,)

1443 801 1631 854 inferiore
1661 801 1758 839 Filio
1784 802 1958 854 gradum
1987 803 2129 851 tradit,
2171 813 2311 841 tamen
2341 817 2431 842 eum
2460 817 2550 855 pur-

1442 868 1541 907 gare
1570 859 1757 893 nituntur.
1773 857 1826 893 At
1846 869 1932 893 t'ero
1960 855 2178 907 manifeste
2198 856 2301 894 lianc
2325 861 2550 908 opinionem

1428 908 1569 961 joret,
1599 909 1647 948 (9¹
1677 914 1975 947 excusationem
2005 910 2161 947 nullam
2189 909 2330 948 habet.

1496 963 1587 1013 257.
1617 961 1724 999 Nihil
1754 976 1844 1001 vero
1885 963 2048 1001 dicimus
2076 963 2122 1000 de
2157 965 2299 1011 variis,
2347 963 2380 999 δε
2417 963 2551 1001 multia

1440 1014 2006 1066 Origeuiscondemnationibus
2021 1018 2058 1053 in
2073 1016 2246 1054 Ecclesia
2266 1015 2426 1062 habitin
2455 1018 2550 1068 quia.

1440 1081 1485 1105 ex
1514 1069 1572 1106 his
1601 1070 1746 1106 eruitur
1773 1070 1958 1120 quidem,
1988 1067 2094 1106 illius
2121 1070 2330 1107 doctrinam
2359 1069 2550 1120 generali-

1440 1130 1520 1169 ter,
1548 1121 1583 1157 &
1613 1122 1651 1158 iu
1679 1123 1858 1159 ominibus
1877 1122 2068 1174 capitibus
2087 1121 2333 1160 orthodoxam
2362 1136 2434 1159 non
2451 1123 2546 1161 fuis-

1439 1188 1503 1222 se,
1531 1173 1632 1211 nihil
1659 1182 1788 1211 tamen
1807 1175 1980 1213 distincte
2007 1174 2247 1225 explicatur,
2277 1188 2353 1227 quo
2373 1175 2547 1212 luculen-

1438 1235 1497 1264 ter
1525 1235 1733 1278 appareat,
1760 1228 1939 1264 eumdem
1959 1228 2164 1278 Origenem
2185 1227 2437 1266 Sanctissimae
2457 1224 2548 1266 Tri-⁷·

1438 1281 1562 1318 uitatis
1582 1279 1815 1330 Mysterium
1843 1281 2054 1330 corrupisse
2071 1305 2080 1316 .
2111 1280 2201 1317 Fuit
2220 1289 2345 1318 autem
2365 1281 2546 1332 Origenes

1438 1333 1563 1383 primo
1606 1333 1802 1370 damnatus
1830 1347 1853 1369 a
1882 1332 2099 1385 Theophilo
2127 1333 2167 1369 in
2195 1332 2349 1383 Synodo
2378 1333 2543 1371 Alexan-

1437 1386 1547 1424 drina
1567 1398 1610 1422 ex
1632 1384 1830 1437 Episcopis
1846 1385 1997 1437 AEgvpti
2013 1416 2024 1434 ,
2054 1384 2191 1436 Lyhiae
2209 1414 2220 1433 ,
2249 1383 2282 1420 δι
2303 1383 2547 1436 Pentapoleos·

1436 1447 1683 1490 cougregata3
1712 1438 1846 1476 deiude
1874 1433 1965 1477 a'S.
1980 1437 2200 1491 Epiphanio
2228 1439 2267 1476 in
2287 1438 2442 1492 Synodo
2467 1438 2547 1489 Cy-

1435 1494 1495 1543 pri
1512 1504 1521 1528 :
1549 1493 1657 1530 tertio
1672 1492 1720 1529 ab
1740 1493 1937 1530 Anastasio
1953 1492 2123 1530 Romano
2142 1491 2324 1529 Pontifice
2339 1507 2350 1537 3
2380 1506 2472 1543 quas
2492 1492 2546 1529 Ο-

1433 1546 1574 1595 rigenis
1589 1546 1915 1583 condemnationes
1942 1554 2128 1583 memorat
2157 1546 2196 1583 S.
2220 1545 2474 1596 Hieronymus
2503 1548 2547 1582 in

1433 1599 1626 1650 Apologia
1642 1598 1732 1636 adv.
1748 1597 1952 1647 Ruffinum
1969 1625 1979 1637 .
2009 1599 2154 1646 Quarto
2172 1599 2403 1636 Justinianus
2419 1598 2543 1649 Impe-

1432 1660 1532 1688 rator
1548 1653 1588 1689 in
1605 1665 1671 1689 suo
1691 1652 1870 1690 Tractatu
1899 1652 2075 1690 adversus
2095 1652 2299 1702 Origenem
2327 1652 2468 1702 saepius
2496 1650 2547 1689 il-

1432 1704 1462 1741 li
1491 1705 1691 1743 anathema
1710 1705 1828 1751 dicit3
1858 1720 2023 1758 cumque
2052 1704 2120 1743 ille
2136 1705 2334 1742 Tractatus
2362 1703 2543 1746 fueritab

1431 1757 1631 1809 Episcopis
1658 1759 1864 1796 Catholicis
1881 1788 1891 1806 ,
1923 1761 2000 1796 imo
2028 1759 2076 1796 ab
2106 1759 2188 1809 ipso
2215 1770 2365 1795 sunnno
2384 1756 2541 1795 Pontifi-

1431 1823 1474 1847 ce
1503 1810 1648 1861 Vigilio
1677 1811 1879 1861 probatus,
1909 1820 2105 1861 tamquam
2135 1809 2324 1859 judicium
2354 1808 2544 1847 Ecclesiae

1431 1861 1564 1900 haberi
1593 1862 1726 1900 debet:
1755 1864 1854 1915 quod
1871 1871 2024 1901 testatur
2039 1863 2279 1901 Cassiodorus
2299 1861 2388 1900 Lib.
2410 1862 2439 1898 Ι.
2469 1860 2545 1898 Di-

1433 1918 1614 1952 rinarum
1644 1919 1930 1953 institutionum
1959 1930 1994 1954 c.
2021 1930 2054 1954 1.
2084 1918 2258 1967 iuquiens
2285 1916 2330 1952 de
2350 1914 2542 1965 Origene:

1431 1967 1544 2006 Licet
1573 1977 1628 2006 tot
1643 1967 1812 2006 Parrum
1827 1983 1916 2007 eum
1946 1973 2148 2021 impugnet
2163 1972 2380 2006 auctoritas
2398 1997 2408 2015 ‚
2438 1980 2540 2018 proe-

1431 2025 1535 2058 senti
1562 2030 1701 2059 tamen
1720 2031 1895 2074 tempore
1923 2023 1972 2063 (9¹
2002 2036 2029 2060 a
2047 2020 2086 2059 V
2083 2022 2187 2075 igilio
2216 2021 2441 2060 beatissimo
2462 2020 2541 2059 Pa-

1430 2088 1484 2124 pa
1513 2075 1641 2112 denuo
1668 2085 1828 2113 constat
1855 2089 1942 2114 esse
1971 2075 2213 2113 damnatum
2230 2101 2240 2113 .

1487 2126 1577 2165 258.
1607 2126 1823 2166 Solenmius
1864 2138 1992 2180 postea
2020 2129 2218 2167 damnatus
2261 2129 2332 2165 fuit
2361 2128 2543 2179 Origenes

1432 2179 1470 2215 in
1498 2179 1652 2231 Synodo
1682 2180 1730 2218 V.
1762 2184 2000 2218 oe-cumenica
2017 2196 2027 2226 3
2065 2195 2152 2232 quae
2182 2181 2446 2218 condemnatio
2473 2183 2543 2219 ite-

1431 2245 1518 2269 rum
1547 2233 1771 2271 confirmata
1800 2234 1872 2271 fuit
1900 2235 1940 2272 in
1969 2233 2123 2286 Syuodo
2151 2233 2247 2280 V1.‚
2295 2242 2422 2285 utpote
2449 2248 2541 2285 quae.

1430 2286 1576 2324 actione
1611 2285 1671 2324 18.
1702 2287 1867 2338 professa
1895 2296 1973 2336 est,
2003 2301 2040 2325 se
2068 2289 2108 2325 in
2129 2286 2308 2324 omnibus
2335 2299 2543 2325 consonare

1430 2347 1567 2376 sauctae
1598 2340 1743 2391 quintae
1773 2340 1953 2392 Synodo,
1990 2354 2079 2392 quoe
2106 2348 2353 2392 congregata
2381 2348 2439 2378 est:
2467 2339 2542 2377 ad-

1429 2404 1560 2430 versus
1577 2391 1822 2431 Theodorum
1840 2393 2182 2445 Mopsuestenum,
2205 2393 2422 2444 Origenem
2434 2423 2445 2441 ,
2465 2392 2539 2430 Di-

1432 2444 1602 2497 (lymum
1619 2476 1629 2494 ,
1658 2447 1707 2487 (ἒ)
1736 2446 1984 2498 Evagrium.
2014 2447 2062 2485 Et
2090 2448 2203 2484 nimis
2231 2445 2388 2497 longum
2417 2454 2540 2494 esset,

1432 2499 1560 2536 omnia
1587 2499 1854 2538 Ecclesiastica
1881 2509 2128 2539 monumenta
2153 2499 2231 2537 huc
2259 2499 2419 2548 afferre,
2455 2499 2542 2551 qui-

1431 2550 1502 2589 bus
1530 2552 1603 2590 suit
1632 2553 1809 2604 Origenis
1836 2554 2023 2591 memoria
2048 2554 2287 2605 proscripta.

1488 2605 1578 2657 259.
1607 2607 1707 2643 Cum
1736 2605 1820 2646 haec
1848 2608 1900 2644 ita
1928 2621 1966 2644 se
1995 2606 2161 2654 habent,
2210 2606 2428 2645 mirandum
2463 2618 2540 2643 non

1433 2666 1512 2706 est,
1543 2660 1656 2696 etiam
1685 2659 1735 2697 ab
1756 2659 1940 2711 Angelico
1957 2668 2092 2698 nostro
2110 2659 2346 2713 Praeceptore
2362 2689 2373 2709 ,
2402 2671 2538 2711 quam-

1433 2724 1548 2761 quam
1578 2713 1616 2750 iu
1646 2714 1814 2751 censuris
1855 2713 2021 2752 ferendis
2049 2713 2372 2760 moderatissimo,
2421 2712 2537 2748 fuisse

1433 2764 1636 2814 Origenem
1665 2765 1901 2818 appellatum
1919 2766 2086 2818 fontem
2114 2768 2357 2804 Aricinorum
2377 2765 2407 2801 1.
2436 2761 2537 2800 Part.

1429 2830 1468 2867 q.
1491 2817 1554 2862 54.
1576 2820 1682 2857 artic.
1707 2833 1742 2857 1.
1771 2821 1818 2858 ad
1839 2833 1873 2857 ι.
1901 2820 1950 2858 Et
1978 2828 2083 2858 antea
2111 2821 2151 2857 in
2178 2833 2217 2869 q.
2239 2819 2302 2856 52.
2331 2824 2401 2853 art.
2426 2828 2459 2852 1.
2488 2816 2538 2853 ad.

1435 2882 1469 2906 1.
1498 2870 1644 2909 dixerat
1673 2873 1878 2923 Origenem
1906 2875 1946 2911 in
1976 2886 2019 2910 eo
2047 2885 2213 2918 errasse,
2255 2869 2355 2921 quod
2382 2877 2539 2920 poneret

1429 2920 1605 2972 Patrem,
1645 2925 1679 2961 ἃ
1709 2925 1857 2964 Filium
1887 2924 2101 2963 secundum
2129 2922 2394 2960 substantium
2420 2919 2536 2970 (liffe-

1430 2983 1591 3020 rente55
1620 2979 1688 3029 qui
1717 2979 1790 3017 fuit
1817 2979 1930 3017 etiam
1960 2990 2064 3016 error
2091 2977 2202 3014 Arii.
2414 3028 2439 3066 6

2387 3041 2410 3066 2
2443 3042 2481 3066 ο.

1430 3124 1516 3165 quod
1541 3122 1652 3157 Filius
1680 3125 1749 3158 Dei
1778 3128 1908 3158 sanctis
1933 3124 2120 3157 hominibus
2145 3131 2380 3169 comparatus,
2406 3123 2532 3154 veritus

1420 3169 1495 3212 fit,
1530 3168 1627 3202 Patri
1668 3175 1838 3211 collatus,
1875 3172 2081 3204 mendacium
2102 3185 2112 3201 .·
2149 3175 2189 3203 U*
2214 3178 2366 3216 (plantum
2400 3169 2534 3200 distant

1429 3216 1591 3258 Apostoli
1619 3216 1783 3257 Christo,
1810 3225 1933 3250 tuntum
1958 3216 2072 3250 Filius
2088 3216 2202 3250 Patri.
2230 3217 2328 3250 Unde
2346 3227 2407 3248 nec
2432 3223 2531 3244 oran—

1430 3263 1493 3294 dus
1517 3269 1569 3293 est
1593 3260 1706 3295 Filius
1731 3277 1803 3296 cum
1828 3262 1927 3296 Patre
1942 3284 1954 3302 ,
1990 3267 2066 3307 qnia
2101 3276 2165 3296 non
2191 3273 2244 3299 est
2276 3270 2393 3297 auctor
2414 3258 2529 3292 indul-

1429 3309 1610 3352 gentiarum
1633 3313 1832 3351 petitionum
1849 3331 1860 3349 2
1889 3311 1950 3343 sed
1977 3312 2206 3353 supplicatur.
