2577 3633
352 189 434 236 184

280 265 373 316 quid
402 274 572 314 unquam
601 261 647 298 de
682 257 828 297 duobus
856 257 1063 311 praecipuis
1092 254 1262 292 articulis
1289 267 1378 292 con-

279 318 453 355 troversis
469 345 479 363 ,
509 328 645 366 nempe
675 313 920 364 processionis
940 310 1106 361 Spiritus
1134 309 1251 345 sancti
1272 322 1294 344 a
1315 307 1380 345 Fi-

278 369 357 417 lio,
400 368 432 403 ἃ
462 368 665 405 additionis
695 367 803 402 factae
832 361 1020 416 Symbolo
1061 360 1376 398 concluderetur.

277 422 410 472 Neque
439 420 596 457 demum
625 419 802 470 Synodus
831 417 900 455 illa
941 416 1012 452 fuit
1041 413 1211 463 legitima
1240 417 1372 450 exitu:

276 488 367 512 nam
397 472 613 510 patriarcha
639 468 989 520 Constantinopolit.
1033 474 1153 503 morte
1200 479 1375 518 pracven—

274 536 334 564 tus
361 525 532 564 Decreto
561 529 716 562 unionis
744 536 816 560 non
844 521 1067 572 subscripsit
1083 534 1094 565 3
1138 517 1294 557 Marcus
1323 518 1374 556 E-

273 579 428 632 phesius
442 587 570 631 aperte
589 577 840 623 contradixit,
869 573 980 625 cujus
1001 574 1039 610 in
1062 573 1266 610 resistendo
1284 584 1374 609 con—

275 634 451 670 stantiam
493 645 582 669 cum
612 629 781 667 Pontifex
824 627 1013 674 audisset,
1055 625 1193 663 dixisse
1222 626 1341 662 fertur
1361 654 1372 671 ,

273 684 385 723 Nihil
412 683 647 732 effecimus,
677 681 817 734 reliqui
848 688 978 727 metu,
1014 678 1076 716 vel
1105 678 1190 716 aliis
1220 679 1373 715 rationi-

272 739 343 776 bus
373 736 560 787 impulsi,
590 749 663 773 non
693 736 773 772 sine
801 735 970 785 gemitu,
1001 731 1035 768 8(
1063 731 1247 783 lacrymis
1278 731 1372 768 iufe-

271 791 384 828 licem
416 788 524 826 illam
545 789 759 839 pactionem
790 787 1061 837 subsignarunt
1075 784 1286 823 „Remum
1302 797 1371 820 nec

269 843 377 880 Galli
407 842 506 880 lianc
535 841 733 893 Synodum
764 848 805 878 ut
833 839 1068 890 legitimam,
1097 838 1131 874 ἃ
1162 837 1372 875 cecumeni-

271 910 357 934 cam
387 903 661 947 acceptarunt,
693 904 730 931 ut
761 902 861 946 patet
889 905 934 929 ex
948 889 1372 930 CardinalisLotharin-

266 951 304 1001 gi
333 949 625 987 commonitorio
652 948 699 985 ad
729 947 924 985 Britonem
952 945 1199 983 secretarium
1230 956 1340 979 suum
1360 971 1370 988 ‚

269 1003 337 1040 ubi
380 1003 526 1054 inquit:
571 1000 684 1051 Apud
716 999 858 1037 Gallos
890 997 1194 1035 Constantiense
1234 994 1370 1031 Conci-

268 1057 364 1093 lium
393 1059 433 1092 in
463 1052 637 1103 partibus
664 1057 745 1091 suis
773 1051 954 1090 omnibus
971 1081 982 1099 ,
1011 1061 1052 1087 ut
1079 1049 1270 1102 generale
1299 1047 1370 1084 chz-

266 1108 402 1156 betur,
445 1107 675 1145 Basileense
711 1111 753 1144 in
795 1108 1074 1143 auctoritatem
1118 1102 1368 1147 admittitur,

264 1160 538 1199 Florentinum
566 1160 727 1211 perinde
756 1172 807 1197 ac
835 1172 887 1196 ne
916 1159 1135 1209 legitimum
1153 1186 1163 1203 ,
1200 1168 1272 1192 nec
1302 1167 1367 1205 ge-

263 1216 403 1252 nerale
432 1214 685 1265 repudiatur.
730 1213 824 1250 Haec
855 1213 1001 1257 fusius,
1032 1219 1146 1261 atque
1176 1208 1368 1246 verbosius

262 1270 501 1320 prosequitur
519 1267 769 1319 Theophanes
785 1264 994 1303 auctoritati
1013 1263 1252 1314 potissimum
1268 1260 1367 1298 schi-

263 1323 412 1359 smatici
442 1321 646 1372 Sgnropoli
676 1321 829 1357 innixus
847 1345 856 1356 .

319 1375 410 1411 255.
441 1374 586 1410 Verum
622 1372 730 1409 Pater
773 1370 915 1409 Natalis
961 1368 1175 1407 Alexander
1216 1368 1368 1405 invictis

261 1428 492 1478 argumentis
520 1425 705 1474 ostendit,
747 1424 947 1476 Synodnrn
978 1422 1243 1460 Florentinam
1274 1421 1369 1457 fuis-

262 1495 299 1517 se
329 1480 541 1530 legitimam
559 1509 569 1527 ,
607 1477 640 1514 δε
671 1478 950 1516 oectnnenicam
969 1505 980 1523 ,
1028 1489 1103 1513 uon
1131 1473 1368 1511 obstantibus

260 1534 420 1571 decretis
449 1532 612 1570 Concilii
652 1531 900 1578 Basileensis,
944 1527 1054 1580 cujus
1097 1528 1254 1578 insignis
1302 1527 1365 1564 hic

261 1587 430 1638 Scriptor
458 1587 530 1623 fuit
558 1586 732 1623 defensor
774 1585 1003 1630 acerrimus,
1052 1590 1091 1619 ut
1121 1591 1248 1618 notum
1279 1588 1364 1617 est.

259 1640 508 1691 Quamquam
539 1639 641 1676 euim
671 1637 899 1676 Basileenses
928 1636 1053 1674 Patres
1080 1648 1233 1672 omnem
1262 1641 1364 1675 tran-

263 1694 460 1731 slationem
484 1692 795 1744 prohibuissent,
826 1692 905 1728 imo
932 1703 1086 1727 omnem
1116 1701 1273 1739 operam
1303 1687 1366 1724 de-

259 1747 424 1795 dissent,
455 1755 493 1783 ut
515 1746 645 1783 Graeci
674 1746 721 1783 ad
752 1757 883 1781 eorum
899 1743 1097 1796 Synoduin
1120 1741 1366 1785 accederent3

258 1810 460 1852 postquam
491 1808 614 1837 tamen
650 1807 930 1850 cognoverunt,
978 1797 1124 1834 eosdem
1155 1795 1202 1833 ad
1230 1794 1367 1832 Conci-

258 1851 358 1890 lium
377 1852 425 1890 ab
455 1853 625 1903 Eugenio
655 1852 826 1888 Romano
856 1850 1036 1887 Pontifice
1058 1849 1247 1886 Ferrariae
1277 1861 1365 1885 con-

258 1915 456 1956 gregatum
486 1906 715 1956 perrexisse,
758 1917 923 1951 inagna,
968 1902 1000 1936 δι
1031 1904 1154 1938 sanior
1192 1902 1364 1951 ipsorum

259 1972 373 2009 pars,
417 1971 492 1994 una
522 1971 610 1994 cum
639 1956 787 1993 duobus
815 1953 1084 1992 Cardinalibus
1114 1952 1260 1990 Sanctae
1291 1952 1362 1988 Sa-

257 2012 386 2057 binas,
417 2010 450 2045 &
479 2009 607 2046 Sancti
637 2009 734 2045 Petri
765 2009 811 2044 ad
840 2006 1007 2044 Vincula
1037 2006 1143 2043 Sedis
1173 2003 1362 2055 Apostoli-

257 2078 313 2102 οδε
345 2063 512 2112 Legatis,
543 2060 755 2098 &Concilii
786 2059 1045 2105 praesidibus,
1075 2060 1116 2095 in
1146 2057 1360 2096 translatio-

257 2129 342 2155 nem
373 2113 536 2152 Concilii
567 2115 775 2151 consensit.
817 2112 865 2150 Et
894 2111 983 2149 licet
1010 2110 1129 2148 altera
1172 2123 1258 2160 pars
1287 2123 1359 2146 nu·

255 2182 362 2207 mero
392 2167 513 2218 major
557 2166 793 2205 translationi
822 2173 1076 2217 repugnaret,
1119 2162 1187 2201 alii
1230 2171 1360 2200 tamen

255 2223 381 2261 Patres
412 2222 546 2258 merito
583 2229 836 2268 censuerunt,
884 2219 922 2256 id
951 2232 1026 2255 non
1053 2217 1227 2264 obstare,
1266 2228 1361 2267 quo·

257 2278 382 2314 minus
413 2274 604 2312 Romanus
631 2273 805 2312 Pontifex
835 2286 904 2325 pro
931 2284 1111 2323 suprema
1138 2284 1206 2308 sua
1233 2279 1361 2306 aucto·

256 2331 391 2376 ritate,
434 2337 575 2365 attenta
605 2328 658 2366 rei
686 2327 936 2373 necessitate,
984 2325 1030 2362 ad
1078 2337 1227 2363 sacram
1269 2336 1360 2360 cum

253 2383 403 2421 Graecis
433 2384 608 2420 unionem
639 2380 851 2419 faciendam
879 2377 1098 2417 Concilium
1137 2376 1213 2414 allo
1241 2384 1360 2413 trans-

257 2437 373 2473 ferret
393 2461 404 2472 .
435 2436 489 2472 Ita
510 2436 623 2472 etiam
653 2433 837 2485 judicavit
858 2431 1040 2470 Nicolaus
1068 2430 1113 2468 de
1130 2431 1232 2468 Cusa
1249 2459 1260 2476 ,
1289 2430 1358 2480 qui

253 2488 418 2527 Concilii
447 2487 668 2526 Basileensis
697 2487 870 2539 partibus
899 2485 1091 2524 mordicus
1119 2482 1358 2530 adliaerebat‚

254 2544 295 2580 in
325 2540 481 2594 epistola
511 2542 557 2578 ad
588 2541 814 2578 Rodericum
846 2538 1168 2576 Arcliidiaconum
1197 2537 1244 2575 de
1264 2535 1360 2572 Tre-

253 2597 375 2640 vino;
423 2595 457 2630 &c
489 2595 608 2632 videri
638 2593 709 2631 hac
738 2594 782 2631 de
813 2606 853 2630 re
883 2601 998 2644 potest
1029 2591 1260 2641 Augustinus
1289 2587 1359 2626 Pa-

254 2650 378 2686 tritius
406 2652 446 2685 in
478 2647 583 2685 Hist.
603 2646 870 2685 Conciliorum
898 2645 1162 2692 Basileensi'S,
1193 2645 1242 2683 <J
1271 2641 1358 2679 Flo-

252 2705 398 2739 remini
416 2729 426 2739 .
473 2700 641 2739 Ulterius
672 2701 745 2752 ipsi
774 2699 902 2736 Patres
931 2698 1158 2736 Basileenses
1188 2698 1228 2734 in
1258 2696 1358 2734 Sess-

255 2754 366 2793 XiX.
397 2756 536 2791 iterum
566 2753 814 2805 prohibentes
841 2751 1007 2790 Concilii
1045 2749 1357 2797 dissolutionem,

255 2817 320 2846 aut
350 2807 633 2846 translationem
652 2837 662 2854 ,
702 2806 800 2844 hanc
829 2814 1085 2857 apposuerunt
1114 2802 1356 2850 clausulam,

253 2865 332 2898 nisi
361 2874 414 2898 ex
436 2862 556 2913 justis
585 2863 717 2897 causis
739 2890 750 2906 ‚
779 2860 827 2899 Εἰ)
858 2858 1113 2910 manifestis.
1141 2857 1263 2895 Justas
1293 2870 1360 2894 au·

253 2924 330 2952 tem
361 2915 476 2952 fuisse
507 2911 622 2963 hujus
651 2911 907 2951 translationis
949 2925 1106 2958 causas,
1151 2909 1359 2949 declaravit

253 2982 425 3005 suminus
456 2967 628 3004 Pontifex
660 2968 697 3004 in
727 2979 795 3004 suo
822 2963 1031 3018 diplomate
1052 2995 1062 3013 ,
1092 2964 1194 3015 quod
1223 2963 1360 3015 incipit

255 3019 438 3057 Doctoris
470 3019 659 3057 Gentium
677 3046 688 3057 .

312 3074 400 3110 256.
432 3073 603 3111 Alterum
626 3104 636 3122 ,
679 3073 781 3125 quod
812 3071 1064 3124 Theophanes
1092 3071 1277 3122 opponit,
1307 3069 1361 3107 le-

256 3126 454 3163 vissimum
485 3136 565 3164 est.
613 3127 717 3174 Quid
748 3127 852 3164 enim
894 3127 924 3162 si
952 3126 998 3162 de
1028 3126 1192 3176 Spiritus
1235 3124 1357 3161 sancti

257 3179 491 3229 processione
511 3194 533 3216 a
554 3179 657 3217 Filio
673 3194 740 3231 per
769 3179 968 3216 biennium
990 3179 1223 3229 disputatum
1255 3174 1359 3214 fuit?

257 3232 366 3268 Anne
414 3241 609 3281 propterea
648 3233 821 3270 definitio
849 3231 1009 3269 Concilii
1040 3231 1135 3269 falsa
1164 3239 1246 3278 est,
1294 3238 1357 3266 aut

258 3281 413 3320 dubia?
444 3283 524 3319 imo
554 3283 622 3320 hoc
651 3287 826 3336 apprime
854 3286 1112 3332 demonstrat,
1157 3285 1284 3336 primo
1313 3282 1358 3319 li-

256 3337 393 3374 berum
427 3336 540 3372 fuisse
568 3334 741 3374 Patribus
770 3339 996 3375 sementiam
1039 3351 1146 3375 suam
1177 3349 1360 3389 propone-

256 3403 296 3426 re
318 3419 327 3436 ‚
371 3388 539 3426 dilucide
569 3388 789 3440 explicare,
837 3390 869 3425 ὃς
899 3391 1022 3441 quoad
1059 3391 1146 3430 fieri
1189 3397 1358 3440 poterat,

1054 171 1454 220 DisSER'rA'rIo
1487 174 1543 218 V.
1590 170 1718 216 CAP.
1739 166 1818 214 VI.

1445 253 1674 305 argumentis
1703 248 1978 301 comprobare:
2019 250 2184 288 secundo
2213 249 2362 289 nonnisi
2391 252 2549 291 materia

1446 306 1575 358 plene,
1606 314 1718 355 atque
1738 310 1912 340 accurate
1931 302 2099 340 discussa
2114 305 2162 341 ad
2179 304 2437 343 definitionem
2454 318 2547 344 ven-

1444 369 1525 397 tum
1555 360 1669 395 fuisse
1690 382 1701 394 .
1742 355 1784 393 Si
1813 356 1898 407 quis
1926 362 2052 391 autem
2091 369 2152 392 eas
2193 358 2461 410 dispiritationes
2491 358 2544 396 le·

1443 421 1530 463 gat,
1559 423 1649 462 quae
1679 417 1845 461 prostant
1875 408 1913 445 in
1946 406 2047 445 Actis
2076 408 2183 444 editis
2212 409 2261 446 ab
2292 411 2447 448 Horatio
2476 412 2546 449 Ju-

1443 466 1602 502 stiniauo
1623 492 1634 510 ,
1672 461 1816 499 videbit
1845 460 2013 512 profecto
2040 469 2261 512 argumenta
2288 465 2511 512 gravissima
2528 493 2540 512 ‚

1442 517 1476 553 8<
1506 516 1756 563 solidissima,
1799 527 1888 566 quae
1919 513 2043 550 Patres
2071 527 2202 551 omnes
2230 515 2384 552 tandem
2411 530 2542 556 move-

1441 579 1559 616 runt,
1608 577 1646 605 ut
1675 568 1723 605 ad
1751 567 2010 606 definitionem
2039 567 2225 617 dogmatis
2266 567 2538 619 procederent3

1440 622 1473 658 &
1534 634 1667 658 uorum
1697 622 1768 668 vi,
1812 620 1845 656 8<
1873 619 2045 660 efficacia
2073 621 2120 656 ad
2148 619 2425 673 optatissimam
2452 635 2543 661 con-

1439 637 1607 712 cordiam
1632 705 1641 722 ,
1672 673 1855 726 &pacem
1886 682 2108 725 perventum
2128 683 2206 722 est,
2236 686 2314 713 uno
2333 673 2546 713 reclaman-

1439 736 1474 765 te
1507 727 1639 765 Marco
1668 726 1855 778 Ephesio-

1497 781 1588 831 257.
1616 779 1801 832 Joseplius
1842 780 2000 832 quidem
2029 779 2247 818 Patriarcha
2283 780 2546 820 Constantine-

1440 833 1628 886 politanus
1659 843 1777 871 morte
1813 842 2029 884 praeventus
2056 832 2229 871 Decreto
2271 838 2426 872 unionis
2455 834 2545 872 sub-

1439 886 1607 925 scrib-ere
1636 900 1710 924 non
1750 887 1902 939 potuit,
1946 886 2004 923 illi
2033 895 2160 923 tamen
2202 895 2309 924 antea
2351 901 2544 926 consense—

1439 949 1525 987 rat,
1569 939 1601 975 8<
1631 938 1794 990 jamjam
1837 940 2040 978 moriturus
2086 941 2306 978 seutentiam
2348 954 2457 979 suam
2487 940 2546 979 his

1438 993 1565 1030 verbis
1593 994 1711 1031 scribi
1740 993 1883 1032 voluit:
1930 991 2071 1042 Ioseph
2113 996 2370 1031 miseratione
2411 994 2545 1032 divina

1436 1047 1523 1086 &c-
1557 1045 1737 1094 Omnia,
1780 1059 1869 1097 quoe
1898 1050 2042 1094 sensit,
2085 1045 2134 1086 <²9⁶
2163 1059 2253 1098 quoe
2294 1046 2544 1098 dogmatizat

1439 1098 1669 1146 catholica,
1710 1099 1761 1139 ὅ)
1791 1100 2016 1148 Apostolica
2049 1097 2237 1137 Ecclesia
2265 1099 2387 1137 Dom.
2415 1099 2471 1139 Ν.
2500 1100 2538 1138 .Ῑ.

1439 1150 1581 1188 Christi
1609 1156 1776 1188 senioris
1804 1152 1947 1188 Romae
1966 1182 1978 1199 ,
2021 1156 2103 1202 ipse
2130 1166 2279 1204 quoqne
2305 1157 2433 1190 sentio
2452 1183 2463 1202 ,
2492 1154 2544 1194 (Ψ

1435 1208 1481 1242 iis
1512 1218 1578 1241 me
1606 1208 1926 1255 acquiescentem
1955 1205 2025 1251 do,
2061 1204 2110 1244 (θ’
2140 1205 2226 1243 (lico
2254 1206 2341 1246 &a
2373 1207 2430 1244 De
2459 1209 2542 1259 ipso

1436 1267 1564 1295 autem
1593 1256 1679 1294 liaec
1708 1258 1804 1294 inter
1832 1255 1910 1294 alia
1938 1255 2052 1293 habet
2078 1256 2262 1308 Josephus
2281 1258 2540 1298 Methonensis

1436 1313 1475 1350 in
1505 1324 1619 1362 supra
1648 1310 1753 1348 laud.
1783 1308 1901 1359 Hesp.
1930 1308 1985 1345 ad
2013 1307 2183 1346 libellum
2199 1309 2337 1347 Marci
2354 1311 2539 1360 Ephesii:

1436 1364 1475 1401 Is
1504 1377 1586 1401 non
1616 1372 1750 1411 metu,
1787 1363 1844 1400 <rel
1871 1361 1998 1400 studio
2024 1362 2162 1414 glorioe
2179 1393 2190 1411 ,
2219 1375 2293 1400 nec
2323 1362 2540 1402 discessum

1434 1417 1525 1455 inde
1556 1416 1813 1468 (Florentia)
1836 1419 1973 1453 sitiens
2002 1428 2170 1453 sacram
2205 1416 2367 1466 optabat
2397 1415 2541 1455 Eccle-

1434 1475 1507 1509 siae
1536 1474 1733 1508 unitatem
1750 1500 1760 1518 ,
1803 1469 1872 1507 sed
1900 1473 1993 1520 quia
2022 1473 2153 1519 reipsa
2182 1478 2388 1520 peractum
2423 1471 2540 1520 vidit,

1435 1524 1536 1575 quoti
1567 1525 1678 1561 multi
1707 1532 1805 1560 ante
1834 1523 1945 1560 illum
1975 1521 2228 1561 Patrtarcizoe
2256 1523 2384 1561 videre
2412 1528 2539 1575 cupie-

1432 1586 1524 1615 runt
1542 1607 1552 1626 ,
1582 1577 1631 1618 (J
1660 1590 1739 1614 non
1769 1576 1945 1614 viderunt
1976 1578 1990 1626 (
2020 1576 2112 1613 vidit
2139 1580 2247 1613 enim
2282 1590 2427 1626 pacem
2456 1577 2537 1615 Ec-

1432 1633 1566 1669 clesiae
1581 1661 1592 1679 ,
1621 1629 1802 1668 membra
1822 1629 2027 1667 Dominici
2050 1628 2228 1680 Corporis
2256 1632 2472 1682 conjuncta
2494 1631 2538 1678 ),

1434 1686 1625 1722 exultavit
1653 1687 1816 1736 spiritu,
1853 1683 1902 1724 (θ’
1931 1695 2022 1720 cum
2052 1682 2252 1722 devocione
2281 1683 2535 1735 subscripsit,

1437 1739 1469 1774 ἃ
1499 1753 1588 1791 quae
1619 1748 1853 1792 sequuntur.
2420 1785 2425 1788 ¹

1490 1793 1582 1832 258.
1611 1793 1720 1832 Nihil
1763 1795 1921 1833 demum
1964 1794 2141 1832 unanimi
2170 1791 2334 1832 aliorum
2364 1793 2536 1831 omnium

1432 1848 1704 1899 conspirationi
1747 1848 1877 1885 obesse
1918 1849 2039 1899 potuit
2082 1849 2195 1885 unius
2223 1846 2349 1885 Marci
2379 1847 2537 1898 Ephesii.

1431 1900 1650 1946 dissensus3
1680 1900 1811 1939 saltem
1842 1910 2028 1952 quantum
2057 1901 2103 1938 ad
2132 1901 2295 1939 Concilii
2327 1899 2537 1951 legitimam

1431 1955 1717 1998 auctoritatem3
1759 1956 1937 2006 quamvis
1966 1954 2048 1991 Deo
2075 1956 2130 1992 sic
2168 1955 2407 2005 permittente
2434 1950 2537 1991 mul-

1429 2013 1510 2041 tum
1551 2005 1719 2042 obfuerit
1760 2008 2038 2046 conservationi
2082 2009 2214 2058 pacis,
2258 2007 2292 2042 St
2320 2005 2537 2044 concordiae

1428 2056 1507 2108 jam
1538 2059 1643 2094 initae
1661 2084 1672 2096 .
1719 2057 1768 2095 Et
1795 2072 1884 2110 quae
1925 2059 2118 2097 adduntur
2146 2060 2192 2096 de
2221 2067 2346 2106 metu,
2392 2059 2440 2096 de
2467 2067 2535 2095 tae-

1427 2110 1518 2156 dio,
1560 2109 1724 2161 aliisque
1752 2111 1961 2158 molestiis,
2005 2109 2065 2149 vel
2097 2111 2303 2148 rationibus
2343 2110 2535 2162 politicis,

1427 2170 1491 2198 aut
1521 2161 1616 2199 falsa
1643 2164 1800 2199 omnino
1828 2172 1914 2199 sunt
1931 2191 1942 2209 ,
1971 2173 2034 2200 aut
2062 2165 2094 2200 si
2124 2177 2212 2200 vera
2229 2192 2241 2209 ,
2271 2164 2412 2200 malam
2442 2176 2537 2202 non-

1426 2213 1625 2252 nullorum
1653 2214 1771 2252 fidem
1813 2214 2005 2266 produnt,
2048 2216 2117 2266 qui
2145 2215 2185 2252 in
2218 2228 2258 2251 re
2286 2224 2363 2252 tam
2393 2217 2500 2267 gravi
2523 2246 2535 2263 ‚

1427 2267 1496 2306 ubi
1526 2268 1708 2319 agebatur
1736 2268 1783 2304 de
1809 2268 1982 2318 dogmate
2012 2267 2150 2316 Fidei,
2193 2268 2459 2318 simulatione,
2500 2268 2535 2305 8<
2558 2300 2565 2305 .

1427 2321 1628 2359 mendacio
1655 2320 1878 2372 religionem
1921 2321 2080 2373 prodere
2118 2320 2344 2360 voluerunt·
2392 2322 2466 2360 Sed
2496 2323 2536 2361 in

1427 2373 1612 2413 Conciliis
1641 2375 1790 2412 nonnisi
1821 2388 1864 2411 ea
1883 2375 2024 2413 attendi
2054 2373 2218 2423 debent,
2247 2389 2337 2427 quae
2367 2376 2532 2415 exterius

1428 2437 1614 2480 aguntur:
1643 2426 1817 2466 cordium
1848 2428 1952 2466 enim
1981 2437 2165 2465 scrutator
2193 2437 2246 2466 est
2274 2428 2374 2467 solus
2402 2429 2536 2468 Deus.

1484 2483 1574 2533 259.
1605 2481 1871 2530 Postremum,
1900 2481 2001 2533 quod
2030 2481 2248 2520 Concilium
2266 2481 2535 2521 Florentinum

1426 2536 1469 2573 in
1485 2534 1618 2573 Gallia
1647 2544 1842 2586 receptum
1871 2547 1945 2572 nen
1975 2537 2047 2583 sit,
2077 2534 2217 2572 falsum
2246 2537 2405 2574 omnino
2434 2550 2534 2584 esse,

1427 2590 1568 2626 invicte
1610 2588 1744 2640 probat
1773 2588 1920 2626 Natalis
1956 2588 2200 2637 Alexander,
2243 2589 2381 2627 Gallus
2427 2590 2533 2640 ipse,

1427 2642 1459 2677 &
1490 2642 1675 2680 Ecclesiae
1705 2641 1922 2680 Gallicanae
1952 2643 2156 2694 principiis
2186 2644 2382 2680 mordicus
2406 2642 2536 2680 adhae-

1425 2708 1511 2733 rens
1528 2722 1538 2733 .
1571 2694 1716 2733 Verum
1732 2696 1890 2747 quidem
1912 2703 1993 2743 est,
2014 2696 2207 2733 neminem
2229 2695 2533 2748 Episcoporum,

1424 2750 1493 2800 qui
1523 2750 1563 2786 in
1583 2749 1712 2787 Caroli
1731 2748 1819 2787 Vll.
1850 2748 1963 2800 Regis
1982 2748 2298 2787 christianissimi
2327 2749 2535 2787 ditionibus

1426 2802 1638 2853 degebant,
1668 2802 1838 2841 Concilio
1868 2802 2082 2843 interfuisse
2103 2832 2114 2850 ,
2144 2801 2244 2854 Rege
2260 2803 2298 2840 id
2328 2802 2536 2854 prohiben-

1428 2863 1488 2901 te,
1519 2856 1671 2894 fuerunt
1699 2864 1825 2893 tamen
1852 2869 1984 2893 omnes
2013 2856 2187 2901 invitati3
2225 2858 2303 2893 imo
2330 2855 2380 2893 ab
2408 2853 2533 2907 Euge-

1428 2910 1493 2946 nio
1520 2907 1622 2960 Papa
1652 2910 1765 2947 missa
1795 2910 1868 2946 fuit
1895 2910 1942 2947 ad
1972 2907 2111 2959 Regem
2143 2910 2267 2960 ipsum
2305 2908 2467 2958 legatio,
2499 2908 2533 2943 &

1427 2961 1525 2999 datae
1557 2964 1668 3000 etiam
1700 2962 1836 3000 litterae
1875 2963 1924 3000 ad
1953 2961 2223 3005 Parisiensem‚
2263 2959 2434 3012 aliasque
2463 2960 2532 2999 flo-

1428 3016 1633 3053 rentissimi
1663 3015 1768 3053 illius
1798 3015 1915 3067 Regni
1946 3015 2195 3053 Academias.
2228 3012 2442 3051 Adfuerunt
2471 3016 2529 3052 in-

1428 3080 1541 3120 super
1584 3082 1628 3105 ex
1658 3068 1863 3106 Gallicana
1893 3067 2064 3106 Ecclesia
2104 3065 2227 3117 aliqui
2257 3065 2442 3118 Episcopi
2484 3080 2530 3104 ex

1429 3122 1636 3173 provinciis
1665 3134 1709 3158 eo
1735 3131 1904 3173 tempore
1935 3120 2025 3170 Regi
2056 3120 2213 3156 minime
2243 3120 2448 3170 subjectis;
2489 3129 2532 3158 nt

1427 3173 1524 3212 nihil
1554 3187 1706 3225 prorsus
1736 3175 1907 3223 deesset,
1936 3174 2029 3224 quin
2044 3171 2262 3210 Concilium
2291 3175 2532 3212 convocatio-

1426 3242 1500 3275 ne,
1549 3229 1834 3279 congregatione
1859 3257 1869 3275 ,
1911 3226 1944 3261 ἃ
1988 3226 2089 3263 exitu
2133 3227 2416 3264 oecumenicum
2457 3226 2529 3264 lia-

1428 3281 1607 3327 beretur,

1485 3333 1575 3372 260.
1605 3332 1703 3379 Quae
1734 3342 1858 3371 autem
1902 3331 2057 3384 protulit
2086 3334 2125 3370 in
2161 3346 2228 3370 suo
2261 3332 2528 3370 Commonito-

1427 3391 1486 3426 rio
1515 3385 1675 3426 celebris
1701 3385 1914 3425 Cardinalis
1942 3385 2219 3438 Lotharingus,
2257 3386 2359 3425 idem
2387 3385 2533 3424 Natalis

2429 3439 2481 3476 A-
