2577 3633
303 180 385 232 176

225 257 496 308 paganismo,
543 248 601 288 vel
622 247 857 303 judaismo,
905 247 964 286 vel
1005 260 1056 284 ex
1085 259 1332 298 quacumque

224 310 367 346 haeresi
395 304 450 343 acl
465 303 695 341 Ecclesiam
716 305 889 340 converti
917 302 1130 339 voluerint.
1162 299 1333 337 Ulterius

221 364 261 399 in
301 359 535 397 ordinatione
571 356 754 408 Episcopi
800 364 938 407 praeter
975 352 1205 405 Symbolum
1234 354 1329 390 Cou-

222 411 594 463 stantinopolitanum
630 409 735 447 aliud
764 407 998 461 Symbolum
1043 407 1192 444 recitari
1227 406 1330 457 apud

219 468 318 518 ipsos
354 465 471 512 solet,
520 463 634 500 variis
671 461 992 501 declarationibus
1036 458 1329 511 interpolatum.

221 520 330 567 Imo,
376 518 478 569 quod
521 517 697 555 festivum
743 515 854 566 plane
896 522 972 560 est,
1012 512 1119 550 illius
1163 513 1327 564 interpo-

223 573 372 610 lationis
400 579 529 608 auctor
573 571 686 607 suisse
719 567 870 605 photius
912 561 1103 603 indicatur
1145 567 1186 603 in
1217 566 1330 604 Codi-

221 641 264 665 ce
316 623 391 662 Ms.
433 621 911 661 (immeo-vindobonensi
956 622 971 670 (
1013 618 1124 669 cujus
1165 619 1329 657 Lambe-

221 682 304 718 cius
326 679 498 715 meminit
526 675 615 713 Lib.
633 673 717 712 VH.
749 673 975 711 Comment.
997 673 1078 710 cod.
1097 685 1160 723 77.
1190 673 1204 719 )
1235 671 1331 709 Pho-

226 735 300 770 tius
329 731 484 781 inquam
507 728 594 775 ille,
624 729 690 779 qui
722 737 874 779 propter
902 726 1133 763 additionem
1164 727 1329 777 particu-

220 785 271 822 lae
302 783 472 832 Filioque
504 782 662 832 majores
692 794 771 833 prae
802 780 887 817 aliis
917 778 1089 831 querelas
1117 780 1297 815 excitavit
1318 803 1329 815 .

276 836 366 875 206.
397 835 537 874 Dices.
569 834 692 872 Patres
719 831 1125 885 Constantinopolitani
1153 846 1241 868 eum
1269 843 1330 867 ar-

220 890 382 929 ticulum
401 919 410 937 ,
464 888 541 938 Qui
569 901 598 925 a
627 887 746 924 Putre
774 885 973 935 procedit,
1021 885 1175 923 totidem
1205 883 1329 922 verbis

222 958 267 982 ex
296 941 505 994 Evangelio
546 941 700 979 Joaunis
741 939 831 978 XV.
873 939 1183 992 desumpserant:
1227 937 1332 975 nefas

221 1010 308 1050 ergo
337 1005 414 1034 erat
443 995 589 1047 aliquid
620 994 746 1032 verbis
775 992 849 1031 Dei
879 992 1076 1030 interseri.

277 1064 368 1101 207.
400 1048 537 1101 Resp.,
581 1047 838 1100 Evangelium
868 1047 1000 1084 saltem
1030 1044 1214 1096 implicite
1244 1055 1332 1094 pro-

220 1105 425 1142 cessionem
448 1102 613 1153 Spiritus
642 1102 762 1139 sancti
792 1115 814 1138 a
836 1100 936 1137 Filio
964 1100 1153 1136 continere
1171 1128 1180 1145 ,
1213 1107 1249 1134 ut
1269 1110 1329 1132 su-

219 1172 290 1210 pra
319 1171 357 1194 n.
386 1156 472 1194 128.
502 1155 737 1193 declaratum
767 1163 845 1199 est3
893 1168 936 1191 ac
981 1153 1139 1203 proinde
1169 1150 1237 1188 iila
1267 1162 1330 1186 ex-

220 1225 348 1263 pressa
376 1210 520 1247 additio
546 1222 621 1245 non
652 1217 701 1251 est
718 1206 930 1258 Evangelio
957 1206 1168 1252 contraria,
1199 1217 1332 1255 quem-

222 1264 430 1302 admodum
475 1263 588 1300 sacris
630 1260 762 1298 litteris
805 1261 1002 1296 contrariae
1047 1270 1117 1296 non
1154 1266 1240 1295 sunt
1268 1257 1332 1293 aal-

220 1319 381 1355 ditiones
411 1317 521 1354 factae
551 1314 675 1352 eidem
705 1311 892 1365 Symbolo
929 1313 967 1349 in
996 1311 1176 1348 Conciiiis
1205 1308 1332 1348 Nicae·

220 1384 293 1419 no,
324 1371 356 1406 ἃ
386 1366 821 1417 Constantinopolitano0

279 1422 370 1461 208.
399 1419 492 1472 Obj.
522 1419 685 1458 secundo
703 1445 713 1457 .
760 1420 860 1457 Cum
888 1418 1045 1456 Carolus
1074 1417 1133 1456 M.
1164 1418 1333 1469 Impera·

218 1485 275 1516 tor
304 1476 425 1514 missis
457 1474 613 1511 Romam
646 1473 835 1511 Bernardo
864 1472 1145 1509 Wormaciensi
1177 1471 1333 1521 Episco-

218 1544 295 1583 po,
326 1530 371 1566 de
398 1529 497 1566 Jesse
527 1528 715 1580 Episcopo
736 1527 1079 1573 Ambiauensium,
1110 1524 1144 1560 8<
1174 1524 1332 1562 Alalar-

218 1586 266 1622 do
295 1582 501 1623 Monasteri
545 1581 785 1631 Corbejensis
825 1580 1001 1627 Abbate‚
1049 1592 1145 1616 anno
1187 1578 1281 1616 810.
1311 1592 1335 1614 a

219 1637 347 1676 Leone
378 1637 443 1674 ΙΙΙ.
487 1634 593 1672 Pont.
624 1633 730 1672 Max.
775 1633 1018 1685 postulasset,
1070 1641 1110 1669 ut
1138 1632 1332 1669 decretum

219 1689 384 1728 Concilii
428 1687 744 1740 Aquisgranensis
787 1686 960 1737 an.809.
1009 1686 1054 1723 de
1099 1687 1330 1737 processione

220 1743 386 1796 Spiritus
415 1743 533 1780 sancti
564 1756 585 1778 a
614 1741 714 1779 Filio
743 1740 1012 1787 confirmaret,
1044 1738 1077 1774 ἀ
1107 1752 1237 1776 vocem
1270 1736 1331 1774 Fi·

218 1797 344 1848 Iz'oque
371 1794 557 1848 Symbolo
599 1797 768 1832 interseri
812 1793 987 1844 juberet,
1035 1793 1333 1844 sapientissimus

218 1849 389 1888 Pontifex
419 1851 589 1900 primum
618 1849 774 1899 quidem
805 1846 965 1883 libenter
996 1846 1195 1896 praestitit,
1228 1842 1331 1882 'alte-

220 1917 310 1942 rum
339 1909 467 1939 autem
497 1902 542 1938 (le
573 1900 759 1951 particula
789 1897 958 1947 Filioque
980 1898 1165 1948 Symbolo
1194 1899 1331 1934 adden-

220 1958 271 1995 da
298 1963 504 1993 constanter
534 1953 709 2003 negavit,
740 1959 891 2002 propter
919 1959 1133 1987 sanctorum
1156 1948 1332 1996 Patr-um,

221 2011 289 2061 qui
320 2008 416 2046 illud
445 2008 523 2044 sine
553 2005 621 2042 illa
651 2003 836 2056 particula
881 2004 1108 2050 ediderunt,
1157 2015 1332 2040 reveren-

221 2066 342 2100 tiam.
371 2058 484 2096 Nam
513 2058 674 2108 &egO‚
705 2055 927 2107 inquiebat,
958 2068 1023 2091 me
1043 2055 1145 2102 illis,
1176 2068 1257 2091 non
1277 2054 1332 2092 dc·-

223 2128 296 2162 co,
325 2111 546 2165 praeferam
565 2140 575 2158 ,
617 2108 686 2147 sed
715 2112 839 2146 etiam
869 2105 962 2144 illud
991 2106 1091 2144 absit
1121 2107 1242 2155 mihi,
1291 2116 1332 2144 ut

221 2179 431 2218 coaequare
461 2176 705 2216 praesumam
724 2188 734 2200 .
794 2162 874 2199 Iino
905 2169 942 2198 ut
987 2158 1211 2212 periculosae
1242 2159 1332 2197 huic

221 2222 379 2260 novitati
409 2219 512 2264 viam
540 2218 698 2254 omnino
727 2214 1007 2267 praecluderet,
1036 2213 1269 2266 Symbolum
1285 2215 1333 2251 si-

223 2290 271 2314 ne
302 2274 382 2311 ulla
410 2270 700 2323 interpolatione
730 2271 767 2307 in
796 2267 945 2306 duabus
980 2268 1164 2319 argenteis
1194 2265 1333 2304 tabulis

224 2343 375 2381 graece,
405 2326 438 2362 ἃ
469 2326 585 2362 latine
615 2324 732 2361 incidi
762 2323 936 2370 curavit,
967 2335 1104 2373 easque
1134 2321 1170 2357 in
1200 2319 1334 2358 Basili-

222 2396 269 2420 ca
296 2382 337 2420 S.
367 2380 466 2417 Petri
497 2378 625 2432 palam
653 2376 758 2428 affigi
787 2375 933 2423 voluit,
981 2388 1145 2427 quarum
1190 2375 1336 2426 pondus

223 2445 302 2473 erat
332 2435 517 2473 librarum
548 2434 640 2484 94„
670 2430 704 2466 St
736 2431 938 2467 unciarum
968 2427 1007 2466 8.
1037 2428 1210 2478 argenti.
1255 2428 1336 2464 Imo

224 2490 260 2525 &
303 2490 341 2526 in
373 2486 532 2525 Basilica
561 2486 601 2522 S.
634 2482 741 2521 Pauli
783 2483 881 2521 illud
909 2489 1058 2520 scutum
1101 2494 1144 2518 ex
1183 2488 1336 2532 argento

224 2543 429 2580 durissimo
459 2539 632 2591 ponderis
653 2537 724 2575 lib.
747 2537 812 2574 52.
842 2535 1021 2574 collocari
1042 2535 1175 2586 jussit,
1206 2535 1244 2571 in
1262 2546 1337 2585 quo

225 2596 329 2634 idem
351 2592 579 2646 Symbolum
610 2592 688 2628 sine
719 2589 797 2626 ulla
827 2589 1013 2626 additione
1044 2589 1208 2626 incisum
1239 2596 1337 2624 erat.

228 2648 323 2686 Rem
367 2656 493 2685 narrat
534 2644 765 2695 Smaragdus
808 2643 937 2680 Abbas
979 2642 1019 2679 S.
1050 2639 1255 2679 Michaelis
1299 2641 1337 2677 in

229 2702 473 2752 Lotliaringia
503 2700 566 2750 (a)
585 2725 596 2735 .
627 2697 726 2735 Tam
747 2695 980 2747 praeclarum
998 2694 1218 2746 exemplum
1251 2694 1338 2731 imi-

230 2756 388 2794 tandum
419 2756 548 2804 utique
577 2760 655 2789 erat
683 2765 706 2787 a
735 2750 869 2787 Leonis
897 2748 1175 2786 successoribus
1193 2774 1202 2785 .

285 2822 376 2859 209.
407 2805 518 2856 Resp.
537 2836 546 2853 ,
591 2806 757 2843 Leonem
786 2803 852 2840 ΙΙΙ.
882 2802 1115 2841 additionem
1145 2802 1248 2839 vocis
1276 2798 1339 2837 Fi·

231 2864 356 2912 lioque
386 2871 473 2898 tunc
505 2859 766 2911 improbasse,
796 2857 889 2910 quia
917 2857 998 2893 sine
1028 2854 1186 2908 publica
1207 2854 1341 2892 Eccle-

230 2918 297 2954 siae
327 2915 573 2959 auctoritate,
605 2911 786 2964 nullaque
816 2918 971 2960 urgente
1000 2910 1214 2956 necessitate
1245 2908 1342 2945 facta

233 2978 335 3007 erat.
368 2968 478 3012 Quod
499 2976 623 3003 autem
654 2975 744 3002 tunc
767 2964 926 3001 minime
948 2963 1127 3014 expedire
1156 2961 1343 3012 judicavit

235 3022 310 3059 Leo
340 3022 431 3068 HL,
481 3020 632 3058 mutatis
663 3031 818 3065 rerum,
857 3026 1148 3068 temporumque
1177 3016 1343 3052 circum-

235 3077 378 3111 stantiis
396 3104 405 3121 ,
438 3074 528 3111 utile
544 3103 554 3120 ,
586 3071 619 3107 8<
640 3071 894 3108 necessarium
914 3069 1132 3119 judicarunt
1161 3068 1231 3105 alii
1250 3068 1344 3104 Pon-

236 3127 354 3164 tifices
387 3128 501 3164 Leoni
532 3127 598 3163 ΙΙΙ.
628 3126 847 3162 auctoritate
876 3125 1030 3160 omnino
1059 3136 1194 3174 pares.
1231 3121 1346 3167 Quod

236 3180 298 3222 vel
329 3180 401 3230 ipsi
430 3182 558 3217 Graeci
589 3181 628 3218 in
642 3177 816 3216 Concilio
832 3176 1054 3215 Florentino
1083 3176 1344 3214 confessisunt

282 3310 332 3344 (α)
356 3302 474 3337 Viden-i
502 3304 606 3336 etiam
640 3314 781 3348 possunt
808 3303 1011 3340 Anastasius
1051 3301 1339 3338 Bibliothecarius

240 3353 274 3384 in
301 3352 372 3383 vita
400 3352 523 3383 Leonis
551 3352 606 3383 lll-
635 3363 728 3383 num.
753 3352 826 3393 140.
861 3350 943 3384 edit.
969 3350 1165 3385 Blanchinii
1182 3371 1193 3390 ‚
1234 3349 1340 3384 Card-

239 3398 405 3432 Baronius
432 3395 474 3430 ad
500 3409 554 3430 an.
573 3398 654 3439 8013.
681 3408 714 3429 n·
735 3397 813 3434 62„
839 3398 992 3441 aliique.
1322 3413 1328 3415 >

978 166 1378 211 DlSSERTATIO
1412 165 1466 211 V.
1521 164 1648 210 CAP.
1680 163 1758 208 IV.

1399 246 1495 285 Sess.
1517 243 1645 284 XXV.
1676 244 1844 281 dicentes
1872 253 1947 280 una
1974 255 2064 282 cum
2086 243 2252 295 Latinis,
2282 247 2514 300 explicatio-

1400 313 1496 338 nem
1538 297 1739 336 verborum
1768 296 1924 333 illorum
1955 296 2132 349 Filioque
2174 305 2348 340 veritatis
2377 302 2513 341 ‹lecht-

1399 352 1543 390 mndae
1578 353 1742 402 gratia,
1789 349 1839 389 (θ’
1876 352 2112 387 imminente
2138 360 2231 390 tunc
2273 360 2515 395 necess-itate

1396 407 1500 444 licite
1511 436 1520 453 ,
1549 405 1599 445 ὅ)
1614 401 1901 440 rationabiliter
1917 401 2242 454 Symbolosuisse
2257 413 2485 457 appositam
2496 436 2510 449 ,

1451 472 1543 497 210.
1571 457 1750 494 Ceterum
1793 456 1916 494 surdis
1943 456 2101 493 auribus
2144 463 2408 508 praetereunda
2436 477 2511 501 uon

1396 521 1447 550 est
1476 511 1595 548 Photii
1626 509 1849 556 calumnia,
1880 509 1949 560 qui
1979 508 2082 546 hunc
2104 508 2329 548 Pontificem
2360 528 2509 564 proces-

1396 566 1537 603 sionem
1567 562 1733 614 Spiritus
1761 562 1882 600 sancti
1910 576 1933 599 a
1953 560 2056 599 Filio
2073 576 2222 614 negasse
2251 565 2371 603 dicit.
2401 567 2508 607 Nihil

1398 618 1529 656 falsius
1559 616 1651 666 fingi
1683 623 1824 666 potest3
1855 627 1929 653 non
1960 617 2065 652 enim
2083 615 2129 653 de
2156 617 2332 669 dogmate
2363 632 2516 671 proces<

1396 672 1511 708 sionis
1539 669 1703 721 Spiritus
1739 670 1857 706 sancti
1900 682 1922 705 a
1952 668 2082 717 Filio,
2129 671 2192 708 sed
2220 672 2267 708 de
2296 671 2374 709 sola
2411 675 2519 712 vocis

1398 722 1569 772 Filioque
1611 723 1824 772 adJectione
1853 730 1940 758 tunc
1982 730 2110 759 actum
2142 731 2219 761 est.
2276 724 2324 763 Et
2353 726 2514 777 quidem

1397 776 1671 828 processionem
1701 773 1869 826 Spiritus
1910 776 2030 812 sancti
2065 790 2087 812 a
2118 775 2221 814 Filio
2260 777 2398 816 diserte
2427 793 2517 818 con·-

1398 830 1514 867 fessus
1544 837 1594 866 est
1625 828 1728 874 Leo,
1758 837 1840 865 tum
1871 828 1911 866 in
1939 827 2145 866 collatione
2174 828 2306 868 habita
2334 846 2423 870 cum
2440 833 2513 870 Le-

1398 883 1492 933 gatis
1520 880 1646 919 Caroli
1664 880 1722 919 M.
1739 910 1750 928 ,
1781 890 1820 918 ut
1840 880 2070 931 Smaragdus
2098 884 2276 933 exponit3
2305 893 2386 923 tum
2402 886 2517 923 etiam

1400 937 1438 973 in
1455 934 1642 988 Symbolo
1658 948 1736 972 suae
1751 934 1843 972 fidei
1859 934 1907 971 ad
1922 934 2134 973 Orientales
2156 936 2287 985 misso,
2317 939 2511 990 inquiens:

1404 988 1608 1027 Credimus
1695 987 1884 1038 Spiritum
1912 997 2100 1025 sanctum
2129 1002 2157 1026 a
2186 988 2335 1038 Patre,
2373 992 2424 1031 (9
2452 991 2518 1029 Fi-

1399 1043 1450 1079 lio
1490 1043 1700 1092 aequaliter
1739 1040 2018 1092 procedentem
2058 1043 2073 1092 (
2103 1043 2207 1094 apud
2235 1043 2369 1095 Steph.
2400 1044 2517 1084 Baln-

1397 1097 1501 1133 zium
1531 1094 1654 1132 Tomo
1683 1090 1769 1133 Vn.
1799 1094 2033 1132 llIiscellcm.
2066 1097 2081 1143 )

1454 1161 1546 1199 2113
1577 1147 1709 1198 Neque
1751 1161 1840 1185 vero
1881 1149 2136 1199 importunius
2180 1148 2244 1188 hic
2273 1163 2339 1189 nos
2377 1160 2513 1204 urgent

1400 1200 1573 1239 Plxotiani
1591 1230 1602 1248 ,
1633 1208 1673 1236 ut
1702 1208 1877 1238 accurate
1905 1201 2135 1249 doceamus,
2177 1216 2255 1253 quo
2285 1203 2393 1253 loco,
2442 1217 2521 1257 quo

1400 1264 1597 1306 tempore,
1626 1252 1660 1289 81
1690 1268 1712 1291 a
1739 1265 1816 1304 quo
1835 1251 2015 1289 Pontifice
2036 1253 2151 1303 hujus
2180 1256 2380 1304 particulae
2411 1259 2519 1296 addi—

1400 1317 1611 1347 tamentum
1644 1307 1756 1343 fuerit
1786 1303 1961 1343 factum?
2006 1304 2189 1342 Fatemur
2217 1309 2319 1345 enim
2337 1339 2348 1356 ,
2387 1320 2426 1347 ut
2456 1325 2519 1348 su-

1401 1377 1471 1414 pra
1499 1361 1645 1399 dictum
1676 1360 1776 1407 fuit,
1807 1358 1891 1395 haec
1920 1367 2022 1394 certo
2050 1358 2296 1398 determinari
2329 1374 2401 1400 non
2431 1376 2518 1414 pos-

1402 1430 1465 1462 se3
1497 1423 1642 1452 certum
1671 1422 1798 1451 tamen
1827 1420 1879 1450 est
1908 1410 1980 1449 hoc
1999 1411 2302 1450 additamentum
2332 1427 2519 1466 quocum-

1433 1484 1478 1507 ue
1507 1468 1618 1516 loco,
1667 1476 1863 1520 tempore,
1911 1464 1972 1504 vel
2002 1475 2154 1503 auctore
2182 1465 2325 1505 factum
2370 1468 2520 1518 fuerit,

1401 1484 1664 1560 {omanorum
1693 1520 1923 1558 Pontificum
1967 1520 2186 1556 auctoritate
2227 1520 2342 1558 fuisse
2388 1530 2516 1573 postea

1401 1576 1716 1628 coxnprobatu¹113
1749 1574 1848 1612 unde
1862 1571 1995 1613 nullus
2010 1573 2267 1625 conquerendi
2283 1573 2388 1614 locus
2402 1576 2517 1613 Grae-

1400 1631 1454 1668 cis
1486 1630 1717 1667 refractariis
1748 1626 1979 1680 relinquitur
1998 1652 2008 1664 .

1455 1697 1547 1722 212.
1576 1681 1670 1733 Ohj.
1703 1681 1771 1719 ult.
1801 1680 1945 1719 Saltem
1977 1693 2132 1733 aequum
2162 1690 2236 1719 non
2265 1690 2370 1731 erat,
2419 1681 2519 1721 hanc

1400 1738 1634 1776 additionem
1663 1734 1852 1788 Symbolo
1881 1733 1965 1773 fieri
1983 1765 1993 1783 ,
2024 1735 2236 1772 inconsulta
2257 1765 2267 1784 ,
2297 1738 2376 1773 imo
2404 1736 2518 1788 plane

1400 1792 1549 1840 iuvita,
1591 1798 1666 1827 tota
1697 1788 1870 1826 Ecclesia
1898 1788 2074 1826 orientali
2092 1812 2102 1826 .
2160 1788 2255 1826 Haec
2285 1790 2514 1836 Graecorum

1400 1844 1559 1896 querela
1604 1842 1744 1894 legitur
1788 1843 1824 1879 in
1855 1842 2038 1880 Tractatu
2081 1843 2221 1894 scripto
2262 1856 2284 1880 a
2314 1842 2516 1881 Fratribus

1400 1897 1717 1935 Praedicatoribus
1737 1894 2061 1948 Constantinopoli
2092 1908 2191 1933 anno
2225 1895 2339 1934 1262.
2357 1924 2367 1944 ,
2397 1909 2515 1947 quem

1402 1952 1544 2000 profert
1573 1949 1703 1986 Petrus
1732 1949 1943 1988 Stevartius
1972 1950 2019 1987 ad
2048 1949 2194 1987 calcem
2224 1951 2397 2000 Operum
2426 1947 2516 1986 Ma-

1402 2001 1524 2039 nuelis
1552 2001 1701 2038 Calecae
1720 2027 1730 2038 .
1780 2003 1836 2038 Ita
1866 2003 1970 2040 enim
1999 2003 2039 2040 in
2071 2015 2114 2039 eo
2141 2002 2302 2053 legitur:
2332 2001 2517 2040 Secunda

1401 2067 1529 2092 causa
1571 2053 1767 2091 divisionis
1805 2058 1820 2106 (
1851 2055 2079 2092 Graecorum
2122 2068 2144 2091 a
2173 2056 2319 2092 Latinis
2349 2055 2363 2101 )
2395 2053 2483 2106 fuit
2504 2084 2517 2104 ,

1401 2111 1496 2157 quia
1523 2120 1603 2143 non
1611 2106 1794 2157 fuerunt·
1811 2110 1937 2144 vocati
1966 2107 2021 2144 ad
2045 2106 2263 2144 Concilium
2294 2107 2514 2145 ultramon-

1400 2168 1573 2205 tanum,
1616 2158 1776 2208 quando
1805 2160 1874 2195 illa
1904 2159 2021 2197 dictio
2050 2159 2229 2210 Filioque
2246 2159 2331 2210 fuit
2360 2164 2516 2211 apposi-

1401 2221 1472 2250 ta..
1531 2211 1612 2248 Hoc
1641 2209 1862 2248 Concilium
1903 2211 2223 2248 ultramontanum
2261 2211 2415 2250 fortasse
2444 2214 2517 2252 fuit

1401 2265 1704 2318 Aquisgranense
1733 2263 1968 2301 celebratum
1997 2278 2060 2301 an.
2082 2262 2176 2315 809.

1459 2319 1549 2357 215.
1580 2316 1691 2369 Resp.
1722 2316 1764 2354 Si
1793 2318 1923 2355 Graeci
1953 2316 2001 2355 ad
2031 2316 2128 2355 hanc
2155 2317 2386 2356 additionem
2423 2319 2521 2357 reci-

1405 2372 1584 2425 piendam
1613 2372 1854 2422 adigerentur
1871 2400 1882 2418 ,
1931 2372 2084 2409 fortasse
2112 2370 2283 2423 aliquam
2326 2372 2408 2412 veri
2436 2386 2520 2423 spe-

1407 2428 1505 2464 ciem
1536 2424 1722 2462 haberent
1751 2437 1883 2463 eorum
1912 2423 2082 2477 querelae
2100 2450 2111 2462 .
2141 2426 2189 2462 At
2218 2438 2307 2463 vero
2334 2439 2424 2464 cum
2443 2424 2518 2464 Ec-

1406 2479 1523 2519 clesia
1552 2478 1689 2516 Latina
1732 2478 1936 2528 integram*
1962 2486 2179 2528 potestatem
2209 2479 2361 2516 Graecis
2402 2478 2519 2516 relin-

1405 2542 1496 2587 quat
1526 2546 1611 2570 eam
1638 2532 1862 2579 omittendi,
1909 2530 2118 2569 dummodo
2145 2532 2311 2583 dogmati
2339 2532 2418 2584 jam
2457 2532 2522 2569 de-

1407 2589 1517 2626 finito
1559 2586 1806 2638 processionis
1835 2585 2000 2636 Spiritus
2037 2585 2152 2622 sancti
2182 2599 2204 2622 a
2234 2584 2337 2623 Filio
2364 2599 2517 2624 consen-

1406 2643 1525 2687 liant,
1557 2652 1690 2676 eorum
1719 2639 1960 2690 querimonia
1990 2646 2042 2676 est
2071 2650 2115 2675 ex
2144 2639 2248 2676 omni
2279 2648 2384 2691 parte
2413 2637 2516 2689 inju-

1407 2695 1597 2732 stissima.
1654 2691 1752 2729 Vide
1776 2705 1896 2743 ‚supra
1926 2704 2050 2743 ns9o.
2078 2690 2256 2739 Scimus,
2306 2693 2419 2729 etiam
2448 2691 2521 2744 ipsi

1409 2743 1675 2797 Apostolorum
1696 2744 1884 2797 Symbolo
1912 2743 2117 2783 nonnullas
2138 2745 2257 2783 factas
2278 2746 2393 2784 fuisse
2414 2747 2451 2783 in
2480 2758 2519 2781 a-

1408 2799 1580 2851 liquibus
1609 2798 1792 2837 Ecclesiis
1813 2798 2054 2846 additiones,
2083 2797 2178 2850 quin
2208 2798 2296 2836 aliae
2326 2807 2523 2851 propterea

1409 2861 1757 2904 conquererentur,
1787 2861 1850 2889 aut
1880 2849 1986 2889 litem
2016 2861 2238 2890 moverent.
2281 2852 2355 2890 Sed
2384 2861 2521 2902 praete-

1410 2920 1473 2943 rea
1503 2907 1578 2958 ipsi
1598 2905 1838 2943 schismatici
1859 2919 1995 2957 negare
2011 2935 2022 2952 ,
2050 2913 2115 2942 aut
2136 2906 2308 2957 ignorare
2333 2916 2407 2941 non
2438 2918 2522 2955 pos-

1411 2967 1521 3006 sunt,
1552 2960 1591 2996 in
1621 2958 1768 2996 duobus
1798 2959 2047 3002 oecumenicis
2066 2958 2247 2996 Conciliis
2276 2957 2523 3007 Lugdunensi

1412 3013 1461 3050 II.
1480 3042 1491 3061 ,
1540 3011 1572 3047 8t
1604 3011 1823 3049 Florentino
1863 3012 2059 3050 communi
2102 3011 2241 3048 nedum
2271 3009 2492 3047 Latinorum
2511 3039 2524 3057 ‚

1413 3067 1474 3104 sed
1505 3065 1619 3102 etiam
1635 3065 1862 3102 Graecorum
1883 3078 2065 3102 consensu
2095 3064 2210 3100 fuisse
2240 3061 2336 3113 lianc
2365 3063 2524 3101 additio-

1414 3133 1501 3157 nem
1533 3117 1728 3168 probatam
1752 3148 1762 3167 ‚
1799 3118 1902 3169 quod
1932 3117 2089 3156 inferius
2116 3114 2328 3155 luculenter
2355 3117 2525 3155 ostende-

1416 3181 1476 3211 tur
1507 3170 1563 3222 (b)
1582 3196 1594 3208 .
2383 3223 2458 3269 2¹4

1453 3299 1496 3338 (b)
1521 3297 1556 3331 S·
1584 3296 1737 3331 Thomas
1763 3310 1798 3342 q.
1818 3298 1863 3331 X.
1890 3298 1932 3331 de
1956 3299 2111 3339 potentia
2129 3305 2195 3330 art.
2216 3296 2248 3338 4.
2274 3296 2316 3330 ad
2348 3297 2400 3329 13.
2426 3304 2522 3340 post-

1408 3357 1514 3390 quam
1540 3345 1699 3388 probavit
1727 3344 1816 3377 lianc
1836 3344 1995 3387 Symboli
2021 3343 2290 3390 explicationem
2320 3344 2425 3376 fuisse
2446 3353 2525 3374 eon·

1408 3393 1607 3426 venientem
1633 3400 1775 3435 propter
1798 3401 1953 3424 errorem
1979 3401 2098 3423 eornm
2114 3411 2124 3429 ‚
2157 3391 2217 3435 qui
2244 3390 2417 3435 Spiritum
2442 3398 2520 3419 san-
