2577 3633
283 166 371 215 *M-

218 241 369 293 ‹epistol.
399 238 446 276 ad
476 235 646 274 Timoth.
677 243 802 286 aperte
830 235 948 281 dicit,
978 248 1021 270 ea
1044 233 1211 284 Apostoli
1242 248 1323 272 ver-

221 294 296 331 ba:
332 296 396 342 qui
425 291 501 329 vuli
527 302 667 327 omnes
696 289 873 326 homines
903 287 972 324 διο.
1002 299 1106 338 posse
1136 289 1249 324 etiam
1278 288 1323 324 de

218 345 409 384 voluntate
436 346 541 395 signi
568 344 734 394 exponi.
765 341 853 378 Vid.
882 353 988 391 supr.
1019 353 1125 377 num.
1148 338 1214 377 65.
1254 350 1305 377 ι·

282 398 367 436 105.
395 397 512 434 Porro
540 397 571 434 si
601 395 774 433 voluntas
815 393 1031 429 antecedens
1071 400 1121 429 est
1150 392 1322 430 voluutas

220 449 479 502 beneplaciti,
521 449 631 487 debet
659 449 771 484 etiam
803 447 840 482 in
870 445 951 482 Deo
980 458 1066 482 vere
1107 445 1139 481 ἃ
1170 447 1320 496 proprie

220 517 323 550 esse,
353 517 427 541 non
457 501 738 553 metaphorice.
782 497 829 534 In
857 496 970 545 Deo,
1015 499 1138 550 inquit
1171 498 1319 548 Angeli-

218 569 287 594 cus
316 557 346 593 Ι.
376 556 472 594 Part.
503 561 636 606 quaest.
673 564 730 602 ις).
761 560 829 587 art.
865 564 952 598 11.,
982 550 1230 603 distingziitnr
1260 562 1318 586 cro-

221 609 381 656 luntas,
411 611 589 659 proprie,
618 606 666 643 (9⁴
688 602 952 652 metap²2orice
982 604 1113 648 (ἕκτης
1143 604 1320 639 voluntas

221 667 330 698 enim
358 665 508 710 propr-ie
538 659 643 695 dicta
674 666 832 693 vocatur
859 657 1037 694 voluntas
1058 656 1320 706 benefitio-itm

218 715 396 752 voluntas
424 722 560 750 liutem
603 709 868 760 metaphorice
904 709 1012 747 dicta
1054 719 1112 748 est
1141 710 1320 746 voluimus

217 770 321 819 signi
337 792 347 804 .
1222 806 1224 808 q

277 818 364 863 104.
394 817 466 855 Sed
496 816 580 855 aliis
610 828 683 853 non
714 816 844 867 paucis
865 815 1066 866 Theologis
1096 816 1217 852 visum
1240 822 1316 861 est,

215 870 451 909 voluntatem
481 870 760 907 antecedentem
791 882 864 906 non
892 882 967 905 esse
989 870 1056 906 nisi
1087 868 1316 906 voluntatem

215 928 346 976 signi,
376 938 444 961 nec
474 924 514 960 in
530 923 612 960 Deo
639 935 715 958 esse
744 923 813 958 nisi
844 919 1130 972 metaphorice,
1160 921 1193 956 8<
1223 921 1318 957 emi-

215 986 371 1014 nenter.
401 976 552 1014 Molina
581 976 621 1012 in
653 973 874 1011 Concordia
900 984 1034 1026 qnaest.
1064 986 1121 1024 ις).
1153 975 1259 1010 artic.
1280 971 1318 1010 6.

213 1032 313 1081 disp.
348 1044 410 1076 1.,
442 1028 586 1079 aliique
614 1037 817 1078 putarunt,
862 1026 958 1063 hanc
989 1027 1205 1063 sententiam
1235 1024 1320 1076 pla-

210 1086 336 1120 ‘cuisse
362 1085 477 1119 etiam
507 1081 644 1118 Sancto
674 1080 834 1117 Thomae
866 1081 1016 1116 fortasse
1046 1089 1196 1130 propter
1224 1090 1318 1128 opu-

214 1134 365 1173 sculum
387 1135 723 1185 <le-praescientia,
752 1132 1183 1182 &praerlesiinationffi
1214 1129 1315 1181 quod

215 1189 307 1226 olim
339 1189 438 1240 ipsi,
481 1187 544 1225 sed
573 1186 668 1223 falso
697 1185 981 1224 adscribebatur
1011 1185 1096 1235 (a);
1140 1185 1178 1221 in
1207 1196 1250 1219 eo
1277 1196 1316 1218 e—

214 1243 295 1278 nim
326 1254 456 1292 opusc.
486 1254 571 1291 cap.
602 1238 640 1276 6.
672 1238 754 1276 haec
784 1238 996 1276 habentur:
1034 1267 1060 1285 „
1090 1236 1192 1274 Deus
1220 1235 1318 1273 dici-

213 1324 241 1342 „
271 1303 330 1331 tur
373 1293 469 1331 velle
499 1292 646 1343 aliquid
689 1291 915 1342 dupliciter3
966 1303 1039 1327 nno
1076 1290 1186 1326 modo
1229 1301 1315 1339 pro-

212 1376 242 1395 „
272 1348 354 1398 prie
436 1345 468 1380 ἃ
499 1344 582 1381 haec
597 1344 733 1381 dicitur
750 1343 917 1380 voluntas
946 1342 1198 1394 beneplaciti,
1227 1355 1315 1392 quae

268 1412 417 1449 semper
447 1399 482 1434 in
510 1395 689 1434 omnibus
710 1395 965 1433 infallibiliter
994 1394 1175 1445 impletur
1197 1419 1234 1430 ...
1268 1395 1318 1430 Α-

272 1450 323 1487 lio
352 1450 462 1486 modo
489 1450 628 1485 dicitur
656 1447 754 1484 velle
783 1448 930 1499 aliquid
975 1446 1229 1498 metaphorice
1260 1471 1315 1483 ....

269 1502 302 1539 8<
332 1501 414 1539 haec
444 1502 585 1540 dicitur
611 1499 785 1538 voluntas
805 1501 898 1550 signi
915 1529 925 1547 ,
956 1512 1043 1551 quae
1073 1512 1149 1536 non
1171 1511 1319 1550 semper

272 1555 477 1607 impletur,
520 1554 565 1592 de
594 1567 670 1604 qua
712 1553 804 1590 dicit
835 1553 1032 1604 Apostolus
1069 1566 1100 1590 ι.
1145 1550 1316 1589 Tiinoth.

213 1638 240 1656 „
270 1609 342 1646 IL:
372 1606 536 1660 quivult
554 1605 870 1643 omneshomines
888 1605 1008 1643 salvos
1024 1604 1132 1644 fieri.
1163 1608 1188 1626 “
1218 1605 1317 1642 Cum

210 1671 338 1699 tamen
369 1661 438 1699 hoc
467 1658 696 1712 opusculum
723 1661 769 1696 sit
798 1660 931 1696 veteris
954 1657 1118 1708 alien-ius
1136 1687 1145 1704 ,
1175 1658 1318 1708 gravis-

211 1729 286 1765 que
316 1713 501 1764 Theologi
519 1743 529 1761 ,
568 1721 749 1763 apparet,
793 1711 889 1748 hanc
917 1712 1138 1748 sententiam
1167 1723 1250 1746 suos
1278 1722 1316 1745 ο-

211 1766 282 1804 iim
312 1766 487 1803 habuisse
517 1774 715 1815 patronos.

274 1819 360 1855 105.
391 1817 469 1854 Nec
498 1816 556 1853 illi
585 1817 714 1853 desunt
743 1814 908 1853 celebres
937 1814 1051 1850 etiam
1081 1812 1314 1859 Thomistae,

212 1873 281 1922 qui
311 1870 443 1907 saltem
473 1883 554 1906 eam
587 1867 886 1920 probabiliorem
915 1880 990 1904 esse
1013 1874 1216 1916 putarunt.
1249 1864 1316 1902 Sa-

214 1939 260 1962 ne
290 1923 413 1961 Guill.
446 1922 569 1960 Estius
598 1922 638 1958 in
668 1921 755 1958 Lib.
787 1921 815 1957 Ι.
859 1921 943 1957 dist.
976 1919 1040 1963 46.
1084 1917 1122 1970 §.
1153 1918 1190 1955 5.
1233 1916 1318 1955 haec

217 1977 353 2015 habet:
395 2005 420 2023 „
451 1975 574 2026 Longe
605 1972 841 2025 probabilius
870 1973 1060 2019 sentiunt,
1090 1972 1154 2022 qui
1187 1979 1319 2021 negant

275 2031 312 2067 in
344 2029 425 2066 Deo
455 2026 691 2073 formaliter,
739 2026 773 2061 8<
803 2026 954 2076 proprie
984 2038 1058 2061 esse
1087 2023 1318 2060 voluntatem

214 1428 240 1447 >7

214 1480 241 1498 9>

211 1532 239 1552 ’9

213 1585 240 1604 7³

215 2060 244 2132 Ξῖ
274 2082 554 2120 antecedentem
585 2105 624 2117 ...
655 2087 767 2129 atque
796 2077 966 2114 sufficere
995 2077 1154 2124 dicunt,
1186 2075 1317 2126 liujus-

215 2166 242 2185 „
272 2135 374 2172 modi
407 2132 635 2171 voluntatem
674 2132 908 2177 eminenter,
951 2129 1030 2166 sive
1059 2142 1126 2179 per
1167 2138 1318 2179 tropum

271 2189 312 2225 in
329 2187 410 2224 Deo
436 2184 640 2230 constitui,
670 2183 859 2234 quomodo
874 2190 957 2219 sunt
979 2182 1015 2219 in
1031 2181 1112 2219 Deo
1128 2182 1206 2228 ira,
1235 2195 1319 2233 poe-

271 2240 427 2277 nitentia
445 2268 455 2286 ,
485 2237 744 2275 misericordia
761 2266 771 2284 ,
801 2235 834 2271 8<
855 2248 1111 2287 quaecumque
1131 2234 1242 2272 bonae
1262 2233 1319 2271 af-

271 2293 471 2336 fectiones3
514 2304 601 2342 quae
631 2291 680 2327 ita
710 2290 748 2327 in
780 2287 998 2325 hominibus
1026 2295 1139 2333 sunt,
1180 2295 1217 2323 ut
1245 2287 1319 2323 im-

271 2346 542 2397 perfectionem
572 2341 744 2394 aliquam
787 2340 1008 2379 includant:
1050 2339 1166 2378 veluti
1197 2348 1318 2376 muta-

271 2400 412 2435 tionem
430 2427 440 2445 ,
470 2397 691 2448 ‘passionem
710 2424 721 2442 ,
768 2394 959 2431 defectum
977 2423 987 2441 ,
1035 2401 1187 2444 propter
1223 2406 1319 2444 quas

272 2451 577 2503 imperfectiones
604 2462 750 2485 necesse
779 2456 858 2494 est,
888 2445 947 2484 vel
979 2459 1043 2497 per
1071 2447 1317 2483 eminentiam

273 2502 502 2542 causalitatis
520 2532 530 2550 ,
574 2501 631 2540 vel
662 2513 904 2552 quocumque
932 2498 1010 2536 alio
1037 2507 1142 2549 tropo
1178 2511 1317 2535 sermo-

271 2559 330 2595 nis
358 2556 440 2593 Deo
469 2555 712 2592 tribuantur.
753 2555 901 2591 Constat
929 2560 1078 2599 autem,
1122 2551 1246 2588 Deum
1276 2553 1317 2589 in

272 2611 442 2661 priorum
470 2608 648 2646 cordibus
675 2607 825 2658 operari
855 2605 955 2643 hunc
984 2603 1159 2641 aflectum
1177 2634 1187 2651 ,
1220 2612 1259 2640 ut
1276 2616 1317 2639 0-

275 2676 377 2699 mnes
407 2661 521 2700 velint
558 2660 679 2698 salvos
708 2659 817 2697 fieri:
864 2667 917 2696 est
946 2658 1060 2709 igitur
1097 2655 1317 2708 hujusmodi

273 2714 428 2752 affectus
457 2716 495 2751 in
524 2713 604 2750 Deo
631 2714 864 2750 eminenter.

277 2767 364 2805 106.
396 2796 421 2815 „
450 2766 562 2811 Quod
591 2775 714 2802 autem
733 2795 743 2813 ,
785 2768 911 2817 pergit
940 2762 1101 2811 Estius,
1138 2763 1318 2815 imperfe-

274 2822 437 2859 ctionem
466 2817 535 2856 illa
565 2817 736 2856 voluntas
766 2818 932 2856 includat
950 2848 960 2865 ,
990 2817 1149 2868 ideoque
1178 2816 1318 2853 forma-

275 2873 359 2911 liter
388 2874 427 2909 in
458 2871 538 2909 Deo
580 2885 656 2908 esse
686 2884 759 2908 nou
796 2873 936 2922 possit,
984 2871 1154 2921 primum
1196 2870 1318 2920 arguit

277 2939 413 2963 nomen
443 2923 664 2969 velleitatis3
693 2922 764 2960 hoc
792 2926 894 2961 enim
914 2925 1071 2960 nomine
1091 2922 1131 2960 S.
1153 2921 1320 2959 Thomas

220 3006 248 3026 9,
278 2978 505 3016 voluntatem
526 2976 621 3014 hanc
643 2977 763 3029 potius
784 2975 1050 3028 appellandam
1071 2984 1213 3022 censet3
1241 2973 1320 3013 vel-

221 3058 249 3079 „
279 3029 381 3067 leitas
411 3039 536 3068 autem
564 3043 638 3067 non
668 3029 773 3067 aliud
802 3043 877 3066 esse
906 3030 1084 3077 videtur,
1113 3042 1228 3080 quam
1248 3029 1321 3065 im-

221 3111 249 3131 „
278 3083 440 3133 perfecta
469 3083 645 3134 quaedam
665 3112 675 3129 ,
705 3082 737 3117 8<
767 3096 941 3134 suspensa
973 3081 1142 3120 voluntas
1160 3107 1170 3118 .
1202 3081 1320 3118 Dein-

220 3163 249 3184 „
278 3135 323 3171 de
350 3136 441 3185 quia
469 3135 639 3174 voluntas
667 3136 749 3173 haec
777 3135 965 3186 significat
993 3135 1221 3173 desiderium
1250 3133 1321 3172 ali-

214 2219 242 2237 9>

212 2270 240 2290 92

214 2323 241 2342 52

213 2377 242 2396 95

212 2429 241 2449 3)

214 2482 242 2502 ‘2³

216 2535 243 2554 :2

211 2587 242 2608 3>

217 2640 243 2659 3²

216 2693 246 2711 3)

210 2745 244 2769 ἃ)

218 2851 244 2870 33

219 2903 246 2922 ³>

221 2954 248 2973 >5

268 3295 318 3330 ,(α)
347 3290 425 3323 Vid.
454 3289 604 3323 Echard.
631 3295 673 3324 de
699 3293 869 3334 scriptor.
897 3294 981 3326 Orci.
1008 3293 1079 3326 FF.
1106 3293 1250 3327 Praeclic.
1286 3294 1323 3326 in

223 3339 259 3370 S.
287 3337 448 3376 Thoma,
475 3340 505 3369 ἃ
530 3337 566 3370 Ρ.
592 3338 757 3372 Bernard.
781 3338 822 3372 ‹le
849 3339 977 3374 Rubeis
1003 3341 1150 3374 Disserz.
1171 3342 1255 3375 XX·
1278 3341 1323 3374 ‹ic

971 148 1370 198 DISSERTATIO
1403 152 1482 197 lv.
1516 152 1644 197 CAP.
1676 149 1732 193 II.

1447 233 1557 284 cujus
1587 233 1639 269 rei
1684 227 1886 275 inefficax,
1932 226 2045 279 quale
2074 241 2147 267 non
2191 236 2307 281 potest
2347 244 2424 271 esse
2457 232 2499 272 in

1449 287 1554 323 Deo.
1604 284 1758 329 Tertio,
1802 282 1895 332 quia
1923 283 2041 319 otiosa
2074 292 2165 320 esset
2208 281 2427 334 hnjusnffidi
2457 287 2496 324 in

1448 340 1527 377 Deo
1556 336 1754 381 voluntas,
1786 333 1819 369 8<
1848 333 2007 384 proinde
2027 334 2163 372 frustra
2184 365 2194 381 ‚
2222 338 2314 388 qnia
2342 337 2498 376 nullum

1447 394 1485 429 in
1516 391 1627 427 rebus
1657 387 1811 425 haberet
1840 385 2018 423 effectum
2040 388 2206 437 propriae
2236 389 2312 427 sibi
2341 403 2494 442 respon—

1443 445 1591 481 dent-em
1615 469 1624 479 .
1654 441 1826 488 QuartO,
1856 440 1947 491 quia
1967 439 1997 477 si
2027 438 2237 477 formaliter
2263 441 2332 479 illa
2360 444 2495 482 volun-

1445 506 1496 534 tas
1525 496 1569 532 sit
1600 496 1638 532 in
1667 493 1777 541 Deo,
1820 494 1890 529 erit
1920 490 2101 544 perpetua
2131 505 2175 530 ac
2207 494 2362 544 proinde
2390 496 2496 536 Deus

1442 561 1591 598 semper
1620 545 1718 583 volet
1746 547 1918 582 omnium
1950 544 2148 583 hominum
2177 545 2362 595 salutem,
2392 550 2497 599 quod

1446 601 1595 638 vid-etur
1622 599 1859 643 absurdum3
1887 611 1977 636 cum
2006 611 2072 636 nec
2101 599 2156 649 pii
2185 599 2341 649 quidem
2372 598 2497 639 homi—

1446 666 1511 691 nes
1540 661 1619 704 post
1648 651 1746 689 lianc
1775 649 1893 689 vitam
1924 650 1994 688 hoc
2023 652 2096 688 sint
2116 650 2270 690 volituri
2289 678 2299 690 .
2329 651 2440 691 Unde
2461 652 2496 692 St
2549 656 2556 661 ”

1445 715 1678 759 postremum
1698 706 1816 741 oritur
1837 712 2104 754 argumentum
2121 734 2131 752 ,
2161 705 2253 756 quia
2268 705 2397 744 Sancti
2417 707 2496 744 Au·

1444 759 1546 812 geli,
1591 755 1623 793 &
1651 758 1841 796 Justorum
1869 757 2024 807 spiritus
2054 758 2091 794 in
2119 756 2220 794 eoelo
2248 771 2321 797 non
2350 757 2495 799 habent

1445 811 1664 863 hujusmodi
1695 809 1954 858 voluntatem,
1997 818 2150 860 propter
2178 818 2290 848 ssatus
2318 813 2376 849 sui
2407 826 2494 864 per·

1442 867 1671 910 fectionem3
1699 865 1791 916 quia
1820 863 1935 901 etiam
1965 861 2034 910 fit,
2065 871 2103 899 ut
2131 876 2200 900 nec
2218 871 2327 900 orent
2347 877 2414 915 pro
2435 879 2495 903 re-

1441 919 1595 972 probis,
1626 931 1692 955 nec
1722 916 1803 954 ulla
1830 929 1943 968 super
1963 915 2149 953 damnatis
2169 917 2496 956 commiseratione

1445 980 1690 1018 moveantur,
1721 970 1784 1008 sed
1814 983 1908 1019 pure
1924 998 1934 1016 ‚
1965 968 1998 1003 8<
2028 968 2190 1020 perfecte
2211 970 2249 1007 in
2269 981 2401 1007 eorum
2422 984 2494 1022 pu-

1441 1026 1580 1062 nitione
1622 1023 1776 1061 laudent
1804 1022 1878 1059 Dei
1907 1021 2118 1072 justitiam,
2162 1031 2202 1059 nt
2241 1023 2280 1060 in
2317 1022 2394 1060 fine
2423 1022 2494 1062 IV.

1441 1077 1551 1115 Libri
1579 1084 1735 1114 sentent.
1779 1075 1958 1119 docetur3
2002 1073 2122 1111 multo
2164 1076 2292 1113 minus
2334 1088 2422 1127 ergo
2452 1077 2495 1115 in

1444 1129 1525 1167 Deo
1565 1129 1676 1166 debet
1704 1129 1792 1180 poni
1835 1126 2046 1165 formaliter
2094 1126 2313 1178 hujusmodi
2356 1128 2495 1167 volun-

1392 266 1418 286 ²2

1391 318 1418 338 92

1391 370 1416 390 99

1390 424 1415 442 θ’

1387 476 1413 495 θ)

1390 529 1415 548 99

1390 582 1414 600 >³

1389 634 1415 652 3>

1389 687 1414 705 2>

1389 739 1415 758 9>

1389 792 1415 811 32

1388 845 1415 864 ²9

1386 898 1412 916 Β)

1384 951 1412 970 9)

1388 1004 1415 1022 3)

1387 1055 1413 1074 ³2

1386 1107 1411 1126 >a

1400 1159 1412 1178 3

1386 1161 1411 1233 ζ,
1442 1192 1493 1220 tas
1513 1208 1523 1218 .
1553 1184 1580 1202 “
1610 1181 1706 1218 Haec
1735 1181 1856 1217 fusius
1885 1189 2010 1218 notare
2040 1179 2205 1230 placuit,
2237 1190 2277 1218 nt
2297 1182 2497 1234 praecipua

1384 1266 1411 1285 „
1441 1234 1570 1272 saltem
1601 1232 1717 1284 hujus
1744 1232 1935 1283 opinionis
1964 1233 2211 1271 fundamenta
2231 1246 2302 1271 non
2318 1233 2497 1275 laterent.

1442 1301 1529 1338 107.
1559 1288 1734 1324 Ceterum
1765 1284 1889 1322 eidem
1926 1283 2166 1322 subscribunt
2194 1287 2308 1323 etiam
2336 1287 2405 1324 alii
2447 1301 2496 1326 ex

1385 1341 1594 1379 Thomistis
1611 1370 1620 1387 ,
1652 1348 1691 1375 ut
1719 1336 1921 1388 Cajetanns
1949 1336 1989 1374 in
2018 1337 2232 1375 Comment.
2261 1338 2309 1375 ad
2337 1352 2425 1389 cap.
2445 1341 2495 1380 ΙΙ.

1385 1395 1492 1445 epist.
1520 1407 1551 1430 1.
1582 1393 1629 1429 ad
1659 1389 1858 1437 Timoth.,
1887 1390 2084 1441 inquiens:
2129 1390 2205 1426 vult
2233 1403 2372 1428 omnes
2407 1391 2498 1432 (γε.

1386 1459 1466 1483 non
1497 1454 1554 1482 est
1582 1444 1642 1481 liic
1660 1473 1671 1492 ,
1699 1443 1934 1493 speculative
1957 1441 1993 1479 T
1991 1441 2175 1494 lzeologe,
2205 1456 2336 1492 sermo
2356 1443 2404 1481 de
2433 1457 2497 1483 νο-

1386 1500 1538 1536 luntate
1567 1497 1861 1547 beneplaciti...
1891 1494 1962 1533 secl
1989 1504 2048 1534 est
2076 1509 2208 1533 sermo
2229 1496 2277 1534 de
2297 1497 2496 1537 voluntate

1384 1555 1515 1604 signi.
1552 1551 1778 1589 Navarettus
1808 1550 1848 1586 in
1879 1550 1908 1586 Ι.
1939 1548 1978 1586 Ρ.
2008 1549 2135 1586 Sanct.
2166 1548 2329 1587 Thomae
2359 1562 2499 1602 qnaest.

1390 1618 1451 1657 ¹9·
1480 1612 1646 1642 controv.
1677 1602 1715 1641 8.
1746 1603 1793 1640 ad
1821 1609 1891 1639 art.
1918 1601 1960 1639 6.
2011 1601 2296 1651 Communior,
2336 1605 2463 1656 inquit
2482 1634 2495 1653 ,

1385 1668 1503 1708 atque
1532 1660 1656 1695 verior
1675 1656 1857 1693 resolutio
1878 1663 1936 1692 est
1953 1684 1964 1702 ,
1993 1654 2109 1692 illam
2128 1655 2371 1694 voluntatem
2393 1660 2408 1706 (
2429 1671 2498 1695 an-

1385 1710 1655 1757 tecedentem)
1686 1722 1765 1745 non
1795 1721 1880 1745 esse
1897 1706 2135 1758 formaliter
2164 1711 2205 1744 in
2226 1707 2313 1746 Deo
2330 1738 2340 1756 ,
2369 1709 2500 1747 sede-

1387 1765 1612 1798 minenter.
1662 1759 1794 1795 Videri
1824 1761 1937 1796 etiam
1981 1769 2134 1809 possunt
2162 1760 2240 1797 Th.
2285 1762 2332 1798 de
2359 1762 2498 1800 Lemo,

1385 1826 1503 1864 snpra
1533 1811 1636 1849 laud.
1666 1811 1706 1848 in
1735 1819 1823 1848 nota
1850 1811 1898 1847 ad
1927 1823 2035 1848 num.
2066 1810 2160 1858 65.,
2207 1813 2367 1851 Bannez.
2399 1815 2436 1852 in
2465 1815 2500 1853 Ι.

1385 1865 1486 1903 Part.
1516 1863 1556 1907 S.
1587 1863 1748 1901 T'homae
1778 1871 1913 1915 quaest.
1950 1876 2010 1914 19.
2048 1873 2118 1902 art.
2150 1863 2215 1911 6.‚
2258 1865 2417 1917 Sylvius
2446 1867 2495 1906 ad

1386 1918 1561 1955 eumdem
1591 1916 1719 1954 locum
1740 1915 1869 1954 Sanct.
1891 1914 2052 1953 Thomae
2071 1946 2080 1964 ‚
2113 1915 2314 1955 Polmanus
2344 1920 2382 1957 in
2400 1918 2496 1957 Bre-

1387 1974 1508 2009 ciario
1537 1969 1650 2007 tlzeol.
1681 1969 1780 2006 Part.
1802 1969 1832 2006 Ι.
1863 1982 1970 2006 num.
1994 1969 2085 2021 249.
2103 1999 2113 2017 ,
2143 1969 2340 2022 Trigosius
2361 1986 2405 2010 ex
2425 1973 2498 2011 Ca-

1387 2025 1639 2076 puccinorum
1668 2021 1818 2060 familia
1848 2023 1889 2060 iu
1918 2023 1992 2059 suis
2011 2023 2307 2061 Commentariis
2328 2026 2376 2062 ad
2404 2039 2496 2078 ope-

1388 2091 1429 2114 ra
1459 2077 1498 2114 S.
1529 2077 1825 2122 Bonaventurae,
1863 2087 1956 2125 quos
1986 2074 2056 2112 sub
2085 2077 2295 2127 auspiciis,
2340 2078 2374 2114 δε
2404 2092 2496 2117 cuin

1386 2128 1590 2181 privilegio
1616 2128 1822 2166 Clementis
1850 2126 1955 2165 VIII.
1987 2125 2032 2164 R.
2063 2126 2104 2165 P.
2147 2129 2188 2166 in
2218 2128 2407 2167 Vaticana
2437 2141 2496 2183 ty-

1386 2182 1595 2233 pographia
1622 2181 1683 2218 edi
1713 2180 1886 2228 curavit,
1916 2188 2053 2231 quaest.
2082 2179 2141 2225 14.
2171 2190 2242 2218 art.
2269 2195 2301 2219 1.
2331 2183 2426 2219 dub.
2458 2197 2496 2222 2.

1389 2233 1422 2270 &r
1465 2233 1626 2272 celebris
1654 2242 1785 2272 auctor
1826 2232 1874 2270 de
1903 2233 1925 2269 l’
1946 2235 2080 2269 action
2123 2232 2170 2269 de
2200 2232 2303 2271 Dieu
2331 2247 2398 2272 sur
2439 2235 2495 2275 les

1386 2296 1513 2325 creat.
1543 2296 1632 2325 sect.
1664 2300 1700 2338 7.
1730 2286 1772 2324 P.
1803 2287 1832 2324 I.
1862 2299 1948 2336 cap.
1983 2285 2046 2323 13.
2077 2284 2116 2336 ᾗ.
2147 2285 2185 2324 5.
2431 2295 2435 2299 ’

1445 2340 1532 2379 108.
1562 2340 1835 2377 Verumtamen
1865 2346 1906 2375 ut
1934 2339 2059 2375 omnis
2088 2339 2239 2378 errandi
2261 2339 2415 2378 tollatur
2432 2355 2495 2380 oc-

1386 2394 1488 2432 casio
1503 2423 1513 2441 ,
1543 2392 1802 2445 distinguenda
1831 2399 1883 2429 est
1903 2404 1946 2429 ea
1968 2390 2163 2439 voluntas,
2192 2407 2267 2444 qua
2288 2393 2392 2432 Deus
2413 2394 2495 2434 vult

1385 2448 1644 2484 antecedenter
1671 2446 1848 2483 omnium
1878 2443 2080 2482 hominum
2110 2444 2297 2495 salutem,
2341 2447 2390 2485 ab
2419 2463 2462 2486 ea
2481 2477 2494 2498 ‚

1385 2513 1462 2551 qua
1491 2498 1572 2539 vult
1600 2499 1726 2536 inedia
1755 2498 1803 2536 ad
1829 2496 1989 2535 salutem
2017 2497 2261 2536 obtinendam
2279 2530 2289 2547 ,
2327 2501 2407 2538 sive
2435 2513 2496 2539 or-

1385 2553 1486 2590 dinis
1514 2565 1617 2589 mere
1645 2549 1854 2597 naturalis,
1899 2552 1978 2589 sive
2007 2551 2122 2588 etiam
2165 2553 2492 2604 supernatur-alin

1383 2603 1468 2642 haec
1498 2606 1600 2642 enim
1629 2604 1790 2643 secunda
1819 2612 1870 2641 est
1899 2604 1937 2640 in
1957 2603 2039 2641 Deo
2069 2604 2218 2654 reipsa,
2249 2604 2495 2656 &formali-

1384 2667 1467 2702 ter,·
1498 2658 1530 2692 8t
1559 2657 1683 2696 solum
1702 2658 1746 2695 de
1767 2657 1893 2708 prima
1913 2656 2148 2707 disputatur,
2179 2666 2306 2694 utrum
2322 2657 2493 2708 forma·

1384 2711 1472 2747 liter
1498 2712 1545 2748 sit
1574 2713 1613 2749 in
1643 2711 1752 2758 Deo,
1782 2723 1831 2747 an
1859 2713 2080 2746 eminenter
2109 2717 2276 2748 tantum.
2306 2712 2495 2749 Audiatur

1385 2762 1426 2800 P.
1457 2763 1598 2801 Xantes
1628 2762 1811 2802 Mariales
1839 2761 2031 2810 Venetus,
2061 2774 2107 2798 ex
2135 2765 2295 2813 patricia
2316 2762 2495 2801 Pium-do-

1383 2829 1470 2853 rum
1514 2816 1691 2865 familia,
1734 2817 1802 2867 qui
1843 2817 1884 2853 in
1922 2829 1987 2852 sua
2016 2813 2194 2853 Biblioilz.
2237 2820 2495 2866 interpretum

1386 2868 1525 2906 Sanct.
1557 2868 1719 2907 Thomae
1750 2869 1863 2906 Tom.
1894 2868 1960 2906 ΙΙΙ.
1999 2867 2046 2905 de
2075 2869 2217 2905 volunt.
2245 2868 2323 2905 Dei
2351 2879 2422 2907 art.
2452 2870 2494 2910 6.

1386 2932 1552 2960 controv.
1575 2924 1634 2961 15.
1656 2937 1739 2974 cap.
1758 2922 1795 2960 5.
1827 2919 2020 2959 Voluntas
2047 2919 2309 2969 antecedens,
2340 2923 2465 2975 inquit
2481 2953 2493 2972 ,

1386 2983 1509 3023 potest
1539 2980 1670 3013 vocari
1699 2976 1878 3013 voluntas
1915 2971 2213 3022 metaphorica,
2261 2988 2329 3012 seu
2357 2980 2490 3028 signi,

1388 3027 1437 3066 ἴθ’
1467 3040 1547 3063 non»
1575 3029 1751 3066 voluntas
1779 3030 1964 3077 propria,
2006 3023 2308 3075 &formaliter
2338 3055 2379 3067 ...
2416 3029 2494 3067 Per

1387 3078 1566 3116 ordinem
1595 3091 1732 3118 autem
1761 3080 1816 3117 asi
1844 3078 1979 3116 media
2008 3077 2154 3115 collata
2182 3088 2241 3117 est
2280 3082 2402 3120 realis
2430 3095 2492 3120 νο-

1387 3132 1520 3169 luntas
1537 3162 1547 3181 ,
1576 3134 1625 3174 ζῇ·
1655 3148 1734 3172 non
1764 3131 2035 3183 metaphorica
2057 3160 2067 3179 ,
2098 3136 2191 3183 quia
2218 3145 2358 3173 revera
2386 3135 2490 3184 vult,

2399 3200 2447 3227 a.

1389 3297 1524 3338 gestis,
1550 3297 1714 3338 seriptis,
1739 3304 1779 3326 ac
1800 3294 1963 3326 doctrina
1990 3292 2030 3325 S.
2057 3290 2211 3335 Thema,
2236 3304 2310 3339 cap.
2339 3294 2369 3328 5.
