2577 3633
2153 125 2228 165 vn

148 207 293 270 ligurit
324 199 502 255 Deum,
537 213 620 261 per
653 195 905 244 dualitatem
940 195 1090 241 autem
1124 192 1216 241 duo
1250 193 1492 259 principia,
1542 193 1747 252 bonum,
1800 206 1842 243 et
1876 196 2072 257 malum,
2109 217 2166 247 ex
2201 200 2298 266 qui-

151 273 233 320 bus
269 268 442 324 omnia,
479 282 591 330 quae
626 263 672 310 in
708 263 881 311 mundo
911 270 1037 316 sunt,
1092 257 1247 317 bona,
1283 272 1323 306 et
1358 263 1472 308 mala
1508 263 1735 319 oriuntur,
1782 263 1836 309 ad
1870 281 2048 312 sensum
2082 267 2259 314 illorum
2286 306 2298 327 ‚

151 337 227 402 qui
261 351 405 382 unum
438 347 668 380 summum
690 330 841 378 Deum
877 346 968 377 esse
1004 322 1275 384 fatebantur,
1311 326 1365 373 ab
1402 329 1498 392 ipso
1517 341 1664 376 autem
1701 329 1833 376 fuisse
1869 339 2056 378 creatam
2091 333 2235 380 lucem
2258 347 2301 381 et

148 402 385 458 tenebras,
417 417 497 446 seu
531 397 735 461 Angelos
767 395 947 453 bonos»,
1002 404 1046 441 et
1080 393 1247 450 malos,
1294 411 1317 439 a
1353 395 1512 458 quibus
1546 406 1773 461 tamquam
1809 414 1834 443 a
1867 395 2042 444 duobus
2078 401 2302 465 principiis

149 469 299 525 bona,
335 479 378 515 et
412 465 526 513 mala
560 462 697 525 hujus
731 463 921 511 universi
955 461 1194 525 repetenda
1228 460 1346 507 sint.
1404 462 1428 524 (
1461 461 1701 525 Legendus
1735 464 1836 511 Jac.
1872 461 2124 511 Bruckerus
2160 467 2205 511 in
2242 469 2299 515 T.

150 538 184 583 I.
219 537 348 585 Hist.
389 534 535 581 Crist.
571 531 754 579 Philos.
791 530 892 577 Lib.
919 530 981 578 ΙΙ.
1019 543 1062 574 2.
1099 546 1135 574 c.
1163 526 1207 574 3.
1243 526 1288 590 g
1320 524 1392 573 13.
1427 526 1480 589 )
1535 529 1675 591 Quod
1708 540 1897 593 systema
1931 529 1984 576 ab
2021 532 2263 595 impostore
2289 569 2301 588 ,

150 604 226 668 qui
263 600 508 649 Zoroastris
544 599 718 644 oracula
754 597 969 653 confixit,
1022 614 1078 642 ex
1112 595 1164 641 iis
1196 610 1282 640 sac.
1318 592 1559 639 litterarum
1595 595 1700 642 locis
1734 597 2053 661 depromptum
2089 610 2179 655 est,
2228 598 2306 645 ubi

151 670 341 716 dicitur:
376 669 486 729 Ego
521 665 794 722 Dominus,
820 680 920 711 non
957 673 1024 710 est
1056 661 1207 717 alter,
1227 658 1456 722 fhrmatzs
1489 660 1634 706 lucem
1657 695 1668 717 ,
1702 673 1746 708 et
1779 680 1942 710 creans
1972 663 2205 719 tenebras,
2259 666 2302 710 1-

148 736 263 783 saiae
298 733 461 783 XLV.
499 746 542 795 7.
581 731 655 795 (a)
689 731 764 778 Ex
797 729 867 777 his
885 742 1034 777 autem
1068 728 1217 792 paucis
1240 725 1416 773 abunde
1440 726 1597 790 liquet,
1633 738 1707 772 aut
1741 728 1851 776 nihil
1888 731 1931 775 in
1967 742 2165 777 veterum
2191 731 2302 778 Pera,

149 818 299 850 sarum
333 798 628 863 Philosophia
675 798 729 844 de
761 797 994 845 Trinitatis
1031 795 1252 859 RIysterio
1304 792 1517 853 inveniri3
1572 804 1647 839 aut
1680 793 1716 839 si
1750 795 1891 859 aliqua
1935 809 2037 843 sunt
2072 796 2302 845 Trinitatis

149 869 352 934 vestigia,
387 885 411 913 3
449 878 600 913 nostra
632 864 818 911 revelata
847 862 1054 908 *doctrina
1090 860 1484 925 quam'longissime
1517 858 1707 906 distare„

224 951 296 997 19.
333 933 494 996 Neque
528 947 634 978 vero
667 930 720 974 iis
755 929 1081 983 consenserim,
1117 928 1191 991 qui
1228 927 1506 991 perspicuam
1540 926 1683 974 Patris
1718 928 1911 983 aeterni,
1964 926 2146 992 ejusque
2182 927 2302 981 Ver-

151 1003 197 1050 bi
232 1000 508 1049 mentionem
542 996 640 1042 fieri
675 1006 832 1058 putant:
867 995 912 1041 in
948 994 1022 1042 illo
1059 995 1234 1058 magico
1270 994 1465 1042 Oraculo
1486 1029 1499 1052 ,
1534 991 1657 1057 quod
1691 992 1858 1039 Psellus
1894 993 1951 1040 ita
1986 998 2112 1044 vertit:

293 1129 467 1176 Omnia
501 1129 623 1175 enim
652 1126 853 1191 perfecit
886 1127 1036 1175 Pater
1053 1164 1064 1184 ,
1097 1138 1143 1175 et
1174 1125 1323 1175 menti
1353 1124 1554 1175 tradidit

287 1196 531 1245 Secundae
550 1232 562 1253 ,
597 1212 736 1259 quam
759 1195 973 1258 ‚primam
1011 1205 1141 1242 vocat
1174 1212 1311 1242 omne
1339 1212 1486 1260 genus
1515 1192 1762 1242 bominum
1782 1225 1793 1240 .

153 1329 402 1393 Aliquanto
437 1327 658 1375 diversum
696 1325 816 1373 idem
852 1325 1099 1374 Graculum
1133 1323 1263 1374 nobis
1283 1323 1463 1374 exhibet
1497 1326 1658 1375 Pletho
1694 1323 1765 1374 his
1783 1326 1953 1374 verbis:
1994 1325 2169 1373 Omnia
2206 1331 2315 1371 sunt

144 1396 379 1453 producta
414 1411 474 1441 ex
506 1411 597 1440 ano
628 1393 740 1458 igne
756 1430 767 1448 ,
808 1395 973 1458 quippe
1007 1411 1110 1440 cum
1146 1395 1304 1440 omnia
1342 1398 1494 1440 Pater
1517 1394 1772 1455 perfecerit
1804 1404 1850 1439 et
1881 1393 2029 1438 menti
2059 1392 2311 1438 tradiderit

154 1462 380 1507 secandae
399 1497 411 1516 ,
446 1477 584 1524 quam
612 1462 820 1522 primam
858 1470 1020 1506 vocant
1052 1460 1264 1506 nationes
1296 1460 1535 1506 hominum
1555 1495 1565 1506 .
1601 1461 1746 1507 Porro
1762 1461 1956 1520 August.
1978 1457 2196 1505 Steuchus
2220 1457 2313 1504 Eu-

153 1527 348 1590 gubinus
385 1525 484 1574 Lib.
511 1528 564 1571 ll.
603 1527 663 1572 de
695 1528 907 1573 Perenni
940 1526 1121 1572 th'los.
1158 1544 1193 1571 c.
1225 1523 1297 1571 15.
1335 1526 1381 1571 in
1417 1525 1506 1573 hoc
1559 1524 1738 1572 oraculo
1792 1525 1987 1570 maxime
2028 1522 2305 1588 triumphat,

156 1594 453 1648 contendens,
490 1604 686 1639 mentem
724 1603 952 1656 paternam
989 1609 1081 1637 non
1117 1609 1237 1646 esse,
1275 1591 1358 1637 nisi
1392 1592 1638 1639 secundum
1676 1594 1862 1647 Deum,
1899 1601 1942 1636 et
1975 1589 2151 1637 Filium
2182 1591 2312 1643 Dei:

158 1671 198 1704 et
235 1658 481 1704 concludit:
514 1659 594 1704 En
631 1660 760 1721 quod
784 1658 917 1703 -cam't
951 1657 1195 1712 Ecclesia,
1246 1658 1439 1703 Patrem
1472 1659 1834 1719 omnipotentem
1871 1665 2123 1702 creatorem
2159 1657 2311 1709 coeli,

156 1735 201 1770 et
234 1735 385 1770 terrae
401 1762 411 1779 ,
448 1724 693 1768 visibilium
731 1722 937 1768 omnium
959 1756 970 1774 ‚
1011 1730 1054 1764 et
1086 1719 1382 1766 invisibilium
1405 1755 1415 1766 .
1473 1723 1664 1768 Deinde
1699 1721 1921 1766 inducens
1954 1717 2208 1766 creatorem
2243 1738 2314 1766 sem

158 1790 356 1835 cundum
371 1823 383 1843 ,
421 1788 596 1834 Filium
634 1787 737 1832 Dei
766 1786 1052 1848 utzzgesziiam
1072 1822 1084 1841 ,
1117 1802 1206 1848 per
1239 1800 1373 1849 quem
1411 1788 1571 1832 omnia
1597 1785 1739 1847 facta
1773 1792 1881 1831 szmt
1904 1820 1914 1829 0

225 1869 304 1901 20.
338 1854 670 1904 Verumtamen
719 1852 764 1897 in
802 1850 889 1897 hoe
925 1853 1100 1913 magico
1137 1851 1334 1898 Oraculo
1371 1853 1393 1915 (
1428 1852 1550 1916 quod
1599 1853 1780 1898 fortasse
1829 1868 2062 1915 perperam
2114 1849 2318 1897 ‘tribuitur

158 1921 380 1968 Zoroastri
401 1919 421 1982 )
449 1919 565 1966 nulla
581 1931 643 1966 est
662 1919 830 1965 mentio
851 1919 1000 1965 tertiae
1021 1919 1268 1975 Personae,
1300 1918 1398 1965 'sine
1425 1936 1510 1982 qua
1531 1917 1728 1965 Trinitas
1752 1919 1988 1964 consistere
2013 1934 2106 1963 non
2143 1929 2286 1981 potest
2306 1953 2316 1963 0

159 1988 357 2035 Ulterius
376 1986 623 2034 admodum
648 1984 888 2033 obscurum
912 1996 974 2031 est
996 2021 1008 2041 ‚
1045 1996 1086 2031 et
1111 1986 1240 2049 plane
1265 1985 1468 2048 aenigma
1485 2021 1496 2041 ,
1532 1985 1639 2049 quid
1658 1985 1800 2034 veniat
1830 1985 2014 2031 nomine
2050 1984 2217 2031 mentis
2249 2000 2317 2030 se-

159 2054 369 2110 cundae,
409 2071 547 2118 quam
576 2054 784 2118 primam
822 2062 952 2100 vocat
987 2068 1122 2098 omne
1140 2067 1287 2116 genus
1304 2050 1573 2105 hominum,
1610 2061 1652 2097 et
1685 2051 1764 2098 cui
1777 2052 1979 2099 tradidit
2001 2051 2132 2098 Pater
2167 2052 2317 2096 omnia

162 2138 186 2166 3
204 2138 248 2166 se
269 2121 359 2180 jam
371 2120 580 2182 perfecta
600 2155 610 2168 .
647 2119 809 2184 Neque
825 2120 944 2166 enim
966 2118 1008 2163 id
1024 2118 1147 2164 facile
1169 2117 1365 2180 adaptari
1386 2127 1530 2180 potest
1543 2115 1704 2166 Verbo
1724 2117 1874 2163 divino
1893 2135 1903 2173 ;
1940 2134 2019 2181 per
2035 2117 2180 2181 ipsum
2198 2117 2317 2162 enim

166 2187 314 2230 omnia
337 2186 447 2232 facta
472 2204 584 2241 esse,
619 2204 714 2232 non
749 2197 897 2232 autem
934 2185 972 2229 ei
1009 2184 1162 2230 tradita
1180 2201 1272 2229 esse
1292 2219 1303 2239 ,
1362 2200 1473 2246 quae
1498 2184 1589 2245 jam
1612 2184 1732 2246 prius
1756 2183 1886 2229 Pater
1907 2183 2148 2247 perfecerat
2172 2218 2183 2237 ,
2218 2199 2318 2228 vera

167 2251 398 2298 Trinitatis
419 2253 543 2298 notio
557 2269 612 2298 ex
634 2253 765 2298 sacris
801 2251 951 2298 litteris
969 2286 981 2306 ⁵
1019 2262 1364 2313 sanctorumque
1387 2250 1573 2296 Patrum
1608 2248 1843 2295 traditione
1879 2249 2031 2295 hausta
2053 2265 2135 2294 nos
2159 2248 2288 2293 docet
2309 2284 2319 2304 ,

166 2316 285 2363 unde
304 2316 421 2362 nulla
435 2329 613 2380 apparet
635 2319 747 2365 inter
762 2317 849 2365 hoc
863 2317 1098 2379 Effagicum
1119 2316 1362 2363 Oraculum
1376 2352 1387 2370 ‚
1427 2327 1468 2362 et
1484 2316 1701 2363 Ecclesiae
1720 2313 1985 2378 Symbolum
2004 2314 2315 2361 consonantia.

236 2397 311 2429 21.
350 2383 617 2446 Radutphus
640 2382 952 2432 Cudvvorthus
986 2386 1066 2429 De
1099 2392 1210 2448 syst.
1245 2383 1643 2429 mundiimellect.
1680 2400 1715 2428 c.
1736 2393 1780 2440 4.
1815 2380 1860 2444 §-
1893 2381 1963 2427 16.
2002 2398 2044 2426 n.
2065 2379 2176 2427 333.
2214 2380 2319 2426 Tri-

168 2451 351 2496 nitatem
387 2466 410 2494 3
435 2448 578 2496 Persis
612 2450 805 2512 agnitam
829 2450 961 2496 fuisse
983 2485 995 2505 ‚
1032 2449 1133 2495 inde
1157 2449 1347 2512 colligit,
1385 2449 1505 2512 quod
1525 2449 1729 2501 Mithra,
1765 2463 1843 2493 seu
1876 2462 2077 2493 summus
2100 2446 2225 2493 Deus
2263 2444 2317 2492 ab

169 2516 272 2579 ipsis
306 2514 536 2564 ’Τριτλέσίθῒ
579 2518 750 2579 trzplea:
784 2516 1024 2570 &ceterum
1059 2514 1180 2580 quod
1206 2517 1335 2562 etiam
1361 2515 1604 2579 Dionysius
1626 2515 1758 2578 vulgo
1781 2513 2054 2577 Areopagita
2079 2524 2257 2561 testatur
2274 2514 2319 2558 in

171 2600 238 2645 ep.
265 2584 375 2632 Vll.
412 2584 466 2629 ad
501 2583 799 2646 Polycarpum
824 2581 1057 2646 inquiens:
1092 2582 1370 2629 Etiamnum
1406 2581 1550 2644 ,Magi
1579 2580 1775 2642 triplicis
1811 2578 2050 2635 Mithrae,
2088 2598 2165 2627 seu
2191 2581 2320 2627 Solis

173 2650 444 2697 memoriam
480 2650 717 2696 recolant.
755 2648 916 2696 Graeci
953 2660 1098 2695 autem
1118 2648 1322 2712 Dionysii
1348 2650 1610 2712 Interpretes
1647 2646 1733 2692 hoc
1757 2662 2012 2708 cognomen
2037 2646 2130 2693 Soli
2166 2646 2318 2691 datum

174 2715 303 2762 fuisse
325 2716 608 2763 crediderunt
633 2724 816 2780 propter
831 2714 1091 2763 mIraculum
1108 2715 1359 2771 Ezechiae,
1394 2714 1574 2779 quando
1607 2729 1828 2776 regressus
1860 2713 2015 2759 decem
2044 2713 2192 2768 lineis,
2228 2714 2318 2758 dies

2177 2789 2254 2823 iris

230 2899 294 2950 (a)
322 2901 561 2940 Humfredus
589 2900 838 2941 Prideauxius
865 2901 904 2941 in
932 2897 1023 2942 Lib.
1042 2901 1112 2940 IV.
1142 2896 1248 2939 Hist.
1277 2894 1449 2938 Judaeor.
1479 2904 1613 2951 putat,
1651 2895 1737 2937 liaec
1765 2898 1867 2937 dicta
1896 2898 2011 2936 fuisse
2039 2911 2061 2935 a
2089 2896 2285 2935 Zoroastre
2305 2926 2318 2946 ,

181 2951 238 2988 vet
267 2953 316 2990 ab
346 2967 416 3003 eo,
445 2957 513 3008 qni
544 2954 626 3008 ejus
654 2969 855 3008 personam
884 2957 1112 3008 assumpsit,
1142 2956 1190 2993 ad
1219 2953 1512 2993 convellendum
1542 2964 1732 3000 errorem,
1762 2952 1830 3004 qni
1860 2952 1963 3003 apud
1992 2950 2117 2988 Persas
2146 2962 2318 2988 commu-

180 3003 238 3038 nis
266 3015 369 3054 erat,
398 3008 432 3045 8<
461 3023 577 3061 quem
607 3018 734 3061 postea
748 3009 884 3048 Manes
911 3009 1163 3048 celebriorem
1184 3008 1370 3056 reddidit,
1399 3007 1445 3044 cle
1473 3004 1622 3043 duobus
1647 3004 1850 3056 principiis
1879 3004 2095 3055 supremis,
2124 3003 2252 3051 bono,
2284 3002 2318 3038 ἃ

181 3054 310 3093 malo·
338 3059 466 3098 Etiam
495 3063 627 3101 Abbas
656 3062 892 3101 Foucherius
920 3064 960 3102 in
987 3064 1103 3101 variis
1128 3063 1207 3101 'suis
1224 3060 1479 3099 monumentis
1495 3088 1506 3106 ,
1536 3071 1624 3110 qnae
1654 3057 1756 3095 Actis
1777 3057 1995 3095 Academiae
2016 3055 2235 3095 Parisiensis
2251 3056 2318 3094 In-

182 3112 439 3157 scriptionum
466 3113 539 3154 &c.
569 3118 705 3155 inserta
731 3126 846 3165 sunt,
893 3116 1142 3155 Dualismum
1171 3115 1376 3153 zoroastris
1404 3115 1456 3150 ita
1484 3111 1648 3163 explicat
1676 3110 1723 3148 de
1750 3109 1899 3148 duobus
1927 3110 2058 3148 Geniis
2075 3140 2087 3158 ‚
2126 3110 2254 3158 bono,
2284 3109 2319 3146 81:

183 3160 287 3198 malo
300 3176 323 3199 a
338 3162 420 3200 Deo
435 3170 569 3207 creatis
585 3199 595 3218 ‚
615 3181 780 3222 quorum
795 3170 888 3208 alter
903 3183 966 3208 nos
982 3170 1033 3208 ad
1049 3169 1194 3208 bonum
1205 3198 1215 3216 ,
1236 3167 1330 3204 alter
1345 3179 1434 3205 vero
1449 3165 1493 3202 ad
1511 3163 1657 3201 malum
1675 3165 1833 3201 excitat.
1862 3162 1989 3211 Quam
2006 3164 2229 3202 sententiam
2248 3164 2319 3202 La·

181 3215 342 3252 etantius
360 3214 418 3253 his
438 3219 564 3259 verbis
584 3236 627 3260 ex
659 3223 811 3264 licavit:
842 3223 1123 3262 Fabricaturus
1139 3221 1247 3260 Deus
1261 3219 1363 3258 hunc
1393 3216 1583 3255 mundum
1600 3247 1611 3265 ,
1640 3221 1704 3265 qui
1724 3223 1925 3255 constaret
1944 3220 1986 3254 in
2014 3216 2128 3254 rebus
2157 3225 2316 3254 contra-

184 3271 254 3305 riis
270 3298 280 3316 ,
311 3277 429 3319 atque
459 3238 694 3314 discordililus
708 3308 719 3326 ,
748 3281 947 3316 constituit
961 3286 1056 3316 ante
1072 3275 1225 3314 diversa
1240 3305 1250 3323 ,
1267 3273 1449 3325 fecitque
1468 3278 1564 3309 ante
1578 3271 1718 3321 omnia
1733 3268 1828 3308 duos
1835 3269 1978 3322 fontes
1996 3282 2130 3309 rerum
2151 3269 2221 3307 sibi
2240 3267 2313 3305 ad-

181 3326 425 3361 versantium
436 3352 447 3372 ,
458 3324 544 3364 illos
554 3324 830 3372 videlicetduos
839 3335 1009 3385 spiritus,
1021 3342 1185 3384 quorum
1194 3337 1252 3369 est
1261 3326 1348 3367 Deo
1357 3356 1368 3378 ,
1378 3334 1590 3379 tamquam
1599 3322 1768 3365 dextera
1778 3354 1789 3375 ,
1800 3325 1901 3364 alter
1911 3332 2123 3377 tamquam
2134 3326 2314 3363 sinistra.
