<?xml version="1.0" encoding="UTF-8"?>
<!DOCTYPE html PUBLIC "-//W3C//DTD XHTML 1.0 Transitional//EN"
    "http://www.w3.org/TR/xhtml1/DTD/xhtml1-transitional.dtd">
<html xmlns="http://www.w3.org/1999/xhtml" xml:lang="en" lang="en">
 <head>
  <title>
</title>
<meta http-equiv="Content-Type" content="text/html;charset=utf-8" />
  <meta name='ocr-system' content='tesseract 3.04.00' />
  <meta name='ocr-capabilities' content='ocr_page ocr_carea ocr_par ocr_line ocrx_word'/>
</head>
<body>
  <div class='ocr_page' id='page_1' title='image "./fratrispetrimari02gazzuoft/fratrispetrimari02gazzuoft_0471.png"; bbox 0 0 2577 3633; ppageno 0'>
   <div class='ocr_carea' id='block_1_1' title="bbox 704 13 1654 69">
    <p class='ocr_par' dir='ltr' id='par_1_1' title="bbox 704 13 1654 69">
     <span class='ocr_line' id='line_1_1' title="bbox 704 13 1654 69; baseline 0.001 -1"><span class='ocrx_word' id='word_1_1' title='bbox 704 13 962 68; x_wconf 72' lang='lat' dir='ltr'><strong>MUNDUS</strong></span> <span class='ocrx_word' id='word_1_2' title='bbox 995 22 1129 68; x_wconf 85' lang='lat' dir='ltr'>NoN</span> <span class='ocrx_word' id='word_1_3' title='bbox 1159 22 1274 68; x_wconf 78' lang='lat' dir='ltr'>EST</span> <span class='ocrx_word' id='word_1_4' title='bbox 1308 23 1654 69; x_wconf 80' lang='lat' dir='ltr'>AETERNUS.</span> 
     </span>
    </p>
   </div>
   <div class='ocr_carea' id='block_1_2' title="bbox 35 101 1151 2511">
    <p class='ocr_par' dir='ltr' id='par_1_2' title="bbox 36 101 1148 1120">
     <span class='ocr_line' id='line_1_2' title="bbox 37 101 1142 156; baseline -0.005 -11"><span class='ocrx_word' id='word_1_5' title='bbox 37 111 123 145; x_wconf 81' lang='lat' dir='ltr'>&#39;sum</span> <span class='ocrx_word' id='word_1_6' title='bbox 140 135 151 156; x_wconf 86' lang='lat'><strong>,</strong></span> <span class='ocrx_word' id='word_1_7' title='bbox 181 105 313 145; x_wconf 69' lang='lat' dir='ltr'>eadem</span> <span class='ocrx_word' id='word_1_8' title='bbox 342 104 422 144; x_wconf 79' lang='lat' dir='ltr'>fere</span> <span class='ocrx_word' id='word_1_9' title='bbox 448 103 490 142; x_wconf 85' lang='lat' dir='ltr'>in</span> <span class='ocrx_word' id='word_1_10' title='bbox 518 102 591 143; x_wconf 85' lang='lat' dir='ltr'>hoc</span> <span class='ocrx_word' id='word_1_11' title='bbox 619 101 766 144; x_wconf 82' lang='lat' dir='ltr'>mundo</span> <span class='ocrx_word' id='word_1_12' title='bbox 794 106 947 144; x_wconf 80' lang='lat' dir='ltr'>evenire</span> <span class='ocrx_word' id='word_1_13' title='bbox 976 114 1064 143; x_wconf 84' lang='lat' dir='ltr'>cum</span> <span class='ocrx_word' id='word_1_14' title='bbox 1094 101 1142 141; x_wconf 91' lang='lat' dir='ltr'>il-</span> 
     </span>
     <span class='ocr_line' id='line_1_3' title="bbox 38 158 1142 214; baseline -0.003 -16"><span class='ocrx_word' id='word_1_15' title='bbox 38 160 113 208; x_wconf 80' lang='lat' dir='ltr'>lis,</span> <span class='ocrx_word' id='word_1_16' title='bbox 142 175 230 214; x_wconf 82' lang='lat' dir='ltr'>quae</span> <span class='ocrx_word' id='word_1_17' title='bbox 260 159 341 212; x_wconf 76' lang='lat' dir='ltr'>jam</span> <span class='ocrx_word' id='word_1_18' title='bbox 371 160 504 207; x_wconf 86' lang='lat' dir='ltr'>fuere,</span> <span class='ocrx_word' id='word_1_19' title='bbox 547 171 621 198; x_wconf 90' lang='lat' dir='ltr'>non</span> <span class='ocrx_word' id='word_1_20' title='bbox 650 160 688 197; x_wconf 91' lang='lat' dir='ltr'>in</span> <span class='ocrx_word' id='word_1_21' title='bbox 716 160 863 198; x_wconf 90' lang='lat' dir='ltr'>mundo</span> <span class='ocrx_word' id='word_1_22' title='bbox 882 158 1013 212; x_wconf 86' lang='lat' dir='ltr'>aliquo</span> <span class='ocrx_word' id='word_1_23' title='bbox 1041 170 1142 210; x_wconf 79' lang='lat' dir='ltr'>prae-</span> 
     </span>
     <span class='ocr_line' id='line_1_4' title="bbox 36 211 1143 266; baseline -0.003 -14"><span class='ocrx_word' id='word_1_24' title='bbox 36 215 214 264; x_wconf 72' lang='lat' dir='ltr'>cedenti,</span> <span class='ocrx_word' id='word_1_25' title='bbox 255 214 388 252; x_wconf 85' lang='lat' dir='ltr'>sedin</span> <span class='ocrx_word' id='word_1_26' title='bbox 417 211 487 251; x_wconf 87' lang='lat' dir='ltr'>hoc</span> <span class='ocrx_word' id='word_1_27' title='bbox 529 214 612 266; x_wconf 85' lang='lat' dir='ltr'>ipso</span> <span class='ocrx_word' id='word_1_28' title='bbox 639 221 792 262; x_wconf 81' lang='lat' dir='ltr'>nostro,</span> <span class='ocrx_word' id='word_1_29' title='bbox 835 213 937 266; x_wconf 82' lang='lat' dir='ltr'>quod</span> <span class='ocrx_word' id='word_1_30' title='bbox 974 212 1143 264; x_wconf 80' lang='lat' dir='ltr'>maxime</span> 
     </span>
     <span class='ocr_line' id='line_1_5' title="bbox 37 266 1142 320; baseline -0.004 -14"><span class='ocrx_word' id='word_1_31' title='bbox 37 277 197 320; x_wconf 78' lang='lat' dir='ltr'>apparet</span> <span class='ocrx_word' id='word_1_32' title='bbox 224 269 266 306; x_wconf 90' lang='lat' dir='ltr'>in</span> <span class='ocrx_word' id='word_1_33' title='bbox 295 266 458 305; x_wconf 81' lang='lat' dir='ltr'>naturali</span> <span class='ocrx_word' id='word_1_34' title='bbox 486 275 617 305; x_wconf 75' lang='lat' dir='ltr'>rerum</span> <span class='ocrx_word' id='word_1_35' title='bbox 642 268 909 319; x_wconf 80' lang='lat' dir='ltr'>generatione3</span> <span class='ocrx_word' id='word_1_36' title='bbox 939 266 1083 304; x_wconf 81' lang='lat' dir='ltr'>eaedem</span> <span class='ocrx_word' id='word_1_37' title='bbox 1104 280 1142 302; x_wconf 89' lang='lat' dir='ltr'>e-</span> 
     </span>
     <span class='ocr_line' id='line_1_6' title="bbox 39 319 1141 373; baseline -0.001 -15"><span class='ocrx_word' id='word_1_38' title='bbox 39 322 123 359; x_wconf 87' lang='lat' dir='ltr'>nim</span> <span class='ocrx_word' id='word_1_39' title='bbox 139 329 385 359; x_wconf 84' lang='lat' dir='ltr'>renascuntur</span> <span class='ocrx_word' id='word_1_40' title='bbox 404 321 548 373; x_wconf 88' lang='lat' dir='ltr'>species</span> <span class='ocrx_word' id='word_1_41' title='bbox 564 321 820 359; x_wconf 86' lang='lat' dir='ltr'>animantium</span> <span class='ocrx_word' id='word_1_42' title='bbox 836 349 848 369; x_wconf 89' lang='lat'>‚</span> <span class='ocrx_word' id='word_1_43' title='bbox 869 319 1141 372; x_wconf 75' lang='lat' dir='ltr'>vegetabilium</span> 
     </span>
     <span class='ocr_line' id='line_1_7' title="bbox 38 373 1143 427; baseline 0 -17"><span class='ocrx_word' id='word_1_44' title='bbox 38 373 112 413; x_wconf 76' lang='grc' dir='ltr'><strong>διο.</strong></span> <span class='ocrx_word' id='word_1_45' title='bbox 140 375 184 412; x_wconf 89' lang='lat' dir='ltr'>In</span> <span class='ocrx_word' id='word_1_46' title='bbox 212 374 346 412; x_wconf 83' lang='lat' dir='ltr'>ordine</span> <span class='ocrx_word' id='word_1_47' title='bbox 375 376 489 412; x_wconf 87' lang='lat' dir='ltr'>etiam</span> <span class='ocrx_word' id='word_1_48' title='bbox 509 373 646 412; x_wconf 79' lang='lat' dir='ltr'>morali</span> <span class='ocrx_word' id='word_1_49' title='bbox 674 384 908 427; x_wconf 81' lang='lat' dir='ltr'>nonmagna</span> <span class='ocrx_word' id='word_1_50' title='bbox 939 378 991 412; x_wconf 85' lang='lat' dir='ltr'>es&#39;t</span> <span class='ocrx_word' id='word_1_51' title='bbox 1019 373 1143 411; x_wconf 85' lang='lat' dir='ltr'>diver-</span> 
     </span>
     <span class='ocr_line' id='line_1_8' title="bbox 36 426 1144 481; baseline 0 -16"><span class='ocrx_word' id='word_1_52' title='bbox 36 429 152 476; x_wconf 76' lang='lat' dir='ltr'>sitas,</span> <span class='ocrx_word' id='word_1_53' title='bbox 194 427 327 467; x_wconf 83' lang='lat' dir='ltr'>saltem</span> <span class='ocrx_word' id='word_1_54' title='bbox 355 436 541 481; x_wconf 85' lang='lat' dir='ltr'>quantum</span> <span class='ocrx_word' id='word_1_55' title='bbox 571 428 619 466; x_wconf 83' lang='lat' dir='ltr'>ad</span> <span class='ocrx_word' id='word_1_56' title='bbox 654 428 851 480; x_wconf 82' lang='lat' dir='ltr'>plurima,</span> <span class='ocrx_word' id='word_1_57' title='bbox 893 441 984 466; x_wconf 86' lang='lat' dir='ltr'>cum</span> <span class='ocrx_word' id='word_1_58' title='bbox 1012 426 1144 465; x_wconf 86' lang='lat' dir='ltr'>eadem</span> 
     </span>
     <span class='ocr_line' id='line_1_9' title="bbox 38 480 1143 534; baseline 0.001 -17"><span class='ocrx_word' id='word_1_59' title='bbox 38 480 118 518; x_wconf 76' lang='lat' dir='ltr'>fere</span> <span class='ocrx_word' id='word_1_60' title='bbox 147 488 326 534; x_wconf 86' lang='lat' dir='ltr'>appetant</span> <span class='ocrx_word' id='word_1_61' title='bbox 363 481 562 530; x_wconf 85' lang='lat' dir='ltr'>homines,</span> <span class='ocrx_word' id='word_1_62' title='bbox 609 482 669 519; x_wconf 89' lang='lat' dir='ltr'>vel</span> <span class='ocrx_word' id='word_1_63' title='bbox 712 482 885 534; x_wconf 79' lang='lat' dir='ltr'><strong>fugiant,</strong></span> <span class='ocrx_word' id='word_1_64' title='bbox 932 481 1143 533; x_wconf 78' lang='lat' dir='ltr'><strong>iisdemque</strong></span> 
     </span>
     <span class='ocr_line' id='line_1_10' title="bbox 37 535 1144 586; baseline 0.001 -15"><span class='ocrx_word' id='word_1_65' title='bbox 37 536 318 586; x_wconf 86' lang='lat' dir='ltr'>propemodum</span> <span class='ocrx_word' id='word_1_66' title='bbox 349 540 503 573; x_wconf 87' lang='lat' dir='ltr'>utantur</span> <span class='ocrx_word' id='word_1_67' title='bbox 538 536 675 573; x_wconf 84' lang='lat' dir='ltr'>mediis</span> <span class='ocrx_word' id='word_1_68' title='bbox 704 536 751 573; x_wconf 81' lang='lat' dir='ltr'>ad</span> <span class='ocrx_word' id='word_1_69' title='bbox 781 549 865 573; x_wconf 88' lang='lat' dir='ltr'>suos</span> <span class='ocrx_word' id='word_1_70' title='bbox 894 535 989 573; x_wconf 77' lang='lat' dir='ltr'>fines</span> <span class='ocrx_word' id='word_1_71' title='bbox 1017 546 1144 573; x_wconf 80' lang='lat' dir='ltr'>conse·</span> 
     </span>
     <span class='ocr_line' id='line_1_11' title="bbox 38 587 1141 640; baseline 0.001 -16"><span class='ocrx_word' id='word_1_72' title='bbox 38 587 231 639; x_wconf 86' lang='lat' dir='ltr'>quendos.</span> <span class='ocrx_word' id='word_1_73' title='bbox 261 587 494 640; x_wconf 75' lang='lat' dir='ltr'>Hujtlsmodi</span> <span class='ocrx_word' id='word_1_74' title='bbox 515 589 719 639; x_wconf 76' lang='lat' dir='ltr'>explicatio</span> <span class='ocrx_word' id='word_1_75' title='bbox 734 597 912 627; x_wconf 79' lang='lat' dir='ltr'>consonat</span> <span class='ocrx_word' id='word_1_76' title='bbox 932 602 1038 626; x_wconf 84' lang='lat' dir='ltr'>sacro</span> <span class='ocrx_word' id='word_1_77' title='bbox 1066 597 1141 625; x_wconf 86' lang='lat' dir='ltr'>tex-</span> 
     </span>
     <span class='ocr_line' id='line_1_12' title="bbox 38 641 1148 694; baseline 0.002 -17"><span class='ocrx_word' id='word_1_78' title='bbox 38 642 124 687; x_wconf 75' lang='lat' dir='ltr'>tui5</span> <span class='ocrx_word' id='word_1_79' title='bbox 153 651 264 679; x_wconf 76' lang='lat' dir='ltr'>‘versu</span> <span class='ocrx_word' id='word_1_80' title='bbox 293 643 398 680; x_wconf 82' lang='lat' dir='ltr'>enim</span> <span class='ocrx_word' id='word_1_81' title='bbox 428 644 660 694; x_wconf 68' lang='lat' dir='ltr'>praecedenti</span> <span class='ocrx_word' id='word_1_82' title='bbox 690 643 837 680; x_wconf 84' lang='lat' dir='ltr'>dictum</span> <span class='ocrx_word' id='word_1_83' title='bbox 867 643 1010 680; x_wconf 83' lang='lat' dir='ltr'>fuerat:</span> <span class='ocrx_word' id='word_1_84' title='bbox 1045 641 1148 691; x_wconf 67' lang='lat' dir='ltr'>Quid</span> 
     </span>
     <span class='ocr_line' id='line_1_13' title="bbox 41 694 1148 747; baseline 0.001 -16"><span class='ocrx_word' id='word_1_85' title='bbox 41 702 102 732; x_wconf 81' lang='lat' dir='ltr'>est</span> <span class='ocrx_word' id='word_1_86' title='bbox 121 724 132 743; x_wconf 85' lang='lat'><strong>,</strong></span> <span class='ocrx_word' id='word_1_87' title='bbox 162 695 253 746; x_wconf 70' lang='lat' dir='ltr'>quid</span> <span class='ocrx_word' id='word_1_88' title='bbox 269 694 396 746; x_wconf 81' lang='lat' dir='ltr'>fuit?</span> <span class='ocrx_word' id='word_1_89' title='bbox 424 700 552 745; x_wconf 79' lang='lat' dir='ltr'>ipsum</span> <span class='ocrx_word' id='word_1_90' title='bbox 570 726 580 744; x_wconf 85' lang='lat'>‚</span> <span class='ocrx_word' id='word_1_91' title='bbox 610 695 711 744; x_wconf 77' lang='lat' dir='ltr'>quod</span> <span class='ocrx_word' id='word_1_92' title='bbox 727 695 895 747; x_wconf 78' lang='lat' dir='ltr'>factum</span> <span class='ocrx_word' id='word_1_93' title='bbox 926 704 1010 733; x_wconf 79' lang='lat' dir='ltr'>est.</span> <span class='ocrx_word' id='word_1_94' title='bbox 1046 695 1148 745; x_wconf 77' lang='lat' dir='ltr'>Quid</span> 
     </span>
     <span class='ocr_line' id='line_1_14' title="bbox 40 744 1148 801; baseline 0.001 -17"><span class='ocrx_word' id='word_1_95' title='bbox 40 755 126 796; x_wconf 81' lang='lat' dir='ltr'>est,</span> <span class='ocrx_word' id='word_1_96' title='bbox 155 747 258 798; x_wconf 80' lang='lat' dir='ltr'>quod</span> <span class='ocrx_word' id='word_1_97' title='bbox 272 744 444 800; x_wconf 74' lang='lat' dir='ltr'>factum</span> <span class='ocrx_word' id='word_1_98' title='bbox 472 749 569 788; x_wconf 80' lang='lat' dir='ltr'>est?</span> <span class='ocrx_word' id='word_1_99' title='bbox 611 753 740 801; x_wconf 79' lang='lat' dir='ltr'>ipsum</span> <span class='ocrx_word' id='word_1_100' title='bbox 768 748 870 800; x_wconf 77' lang='lat' dir='ltr'>quod</span> <span class='ocrx_word' id='word_1_101' title='bbox 902 746 1148 800; x_wconf 76' lang='lat' dir='ltr'>faciendum</span> 
     </span>
     <span class='ocr_line' id='line_1_15' title="bbox 39 801 1148 855; baseline 0.001 -17"><span class='ocrx_word' id='word_1_102' title='bbox 39 809 125 839; x_wconf 83' lang='lat' dir='ltr'>est.</span> <span class='ocrx_word' id='word_1_103' title='bbox 154 802 209 839; x_wconf 86' lang='lat' dir='ltr'>Ita</span> <span class='ocrx_word' id='word_1_104' title='bbox 236 803 351 840; x_wconf 84' lang='lat' dir='ltr'>etiam</span> <span class='ocrx_word' id='word_1_105' title='bbox 382 801 482 841; x_wconf 88' lang='lat' dir='ltr'>hunc</span> <span class='ocrx_word' id='word_1_106' title='bbox 511 802 640 840; x_wconf 82' lang='lat' dir='ltr'>locum</span> <span class='ocrx_word' id='word_1_107' title='bbox 671 804 825 855; x_wconf 83' lang='lat' dir='ltr'>exponit</span> <span class='ocrx_word' id='word_1_108' title='bbox 853 802 893 840; x_wconf 85' lang='lat' dir='ltr'>S.</span> <span class='ocrx_word' id='word_1_109' title='bbox 916 802 1148 854; x_wconf 82' lang='lat' dir='ltr'>Augustinus</span> 
     </span>
     <span class='ocr_line' id='line_1_16' title="bbox 43 852 1145 908; baseline 0.001 -17"><span class='ocrx_word' id='word_1_110' title='bbox 43 853 134 892; x_wconf 89' lang='lat' dir='ltr'>Lib.</span> <span class='ocrx_word' id='word_1_111' title='bbox 155 854 246 894; x_wconf 89' lang='lat' dir='ltr'>XII.</span> <span class='ocrx_word' id='word_1_112' title='bbox 276 855 325 894; x_wconf 83' lang='lat' dir='ltr'>de</span> <span class='ocrx_word' id='word_1_113' title='bbox 358 854 523 895; x_wconf 69' lang='lat' dir='ltr'>Civitate</span> <span class='ocrx_word' id='word_1_114' title='bbox 552 852 631 895; x_wconf 71' lang='lat' dir='ltr'>Det</span> <span class='ocrx_word' id='word_1_115' title='bbox 659 870 746 908; x_wconf 85' lang='lat' dir='ltr'>cap.</span> <span class='ocrx_word' id='word_1_116' title='bbox 772 856 833 894; x_wconf 77' lang='lat'>15.</span> <span class='ocrx_word' id='word_1_117' title='bbox 860 864 974 907; x_wconf 77' lang='lat' dir='ltr'>‘atque</span> <span class='ocrx_word' id='word_1_118' title='bbox 1016 856 1145 893; x_wconf 65' lang='lat' dir='ltr'>addite</span> 
     </span>
     <span class='ocr_line' id='line_1_17' title="bbox 44 906 1145 961; baseline 0 -15"><span class='ocrx_word' id='word_1_119' title='bbox 44 906 238 958; x_wconf 70' lang='lat' dir='ltr'>Quamvis</span> <span class='ocrx_word' id='word_1_120' title='bbox 285 909 371 948; x_wconf 75' lang='lat' dir='ltr'>hoec</span> <span class='ocrx_word' id='word_1_121' title='bbox 400 909 517 948; x_wconf 72' lang='lat' dir='ltr'>verba</span> <span class='ocrx_word' id='word_1_122' title='bbox 553 909 717 961; x_wconf 64' lang='lat' dir='ltr'>quidam</span> <span class='ocrx_word' id='word_1_123' title='bbox 744 913 801 947; x_wconf 77' lang='lat' dir='ltr'>sic</span> <span class='ocrx_word' id='word_1_124' title='bbox 847 909 1145 957; x_wconf 76' lang='lat' dir='ltr'><em>intellexerint,</em></span> 
     </span>
     <span class='ocr_line' id='line_1_18' title="bbox 40 961 1146 1014; baseline 0.001 -16"><span class='ocrx_word' id='word_1_125' title='bbox 40 970 240 1013; x_wconf 80' lang='lat' dir='ltr'>tanquam</span> <span class='ocrx_word' id='word_1_126' title='bbox 269 966 309 1001; x_wconf 81' lang='lat' dir='ltr'>in</span> <span class='ocrx_word' id='word_1_127' title='bbox 324 963 677 1014; x_wconf 72' lang='lat' dir='ltr'>praedestinatione</span> <span class='ocrx_word' id='word_1_128' title='bbox 692 962 770 1000; x_wconf 85' lang='lat' dir='ltr'>Dei</span> <span class='ocrx_word' id='word_1_129' title='bbox 793 964 886 1014; x_wconf 75' lang='lat' dir='ltr'>jani</span> <span class='ocrx_word' id='word_1_130' title='bbox 906 961 1146 1013; x_wconf 77' lang='lat' dir='ltr'>factafui&#39;s-</span> 
     </span>
     <span class='ocr_line' id='line_1_19' title="bbox 36 1014 1147 1068; baseline 0.001 -16"><span class='ocrx_word' id='word_1_131' title='bbox 36 1024 81 1053; x_wconf 62' lang='lat' dir='ltr'>&lt;se</span> <span class='ocrx_word' id='word_1_132' title='bbox 108 1020 269 1066; x_wconf 76' lang='lat' dir='ltr'>omnia,</span> <span class='ocrx_word' id='word_1_133' title='bbox 299 1021 459 1068; x_wconf 77' lang='lat' dir='ltr'>Sapiens</span> <span class='ocrx_word' id='word_1_134' title='bbox 487 1018 552 1055; x_wconf 85' lang='lat' dir='ltr'>ille</span> <span class='ocrx_word' id='word_1_135' title='bbox 571 1018 750 1054; x_wconf 58' lang='lat' dir='ltr'>coluisset</span> <span class='ocrx_word' id='word_1_136' title='bbox 770 1015 935 1065; x_wconf 72' lang='lat' dir='ltr'>intelligi</span> <span class='ocrx_word' id='word_1_137' title='bbox 952 1046 961 1064; x_wconf 73' lang='grc'>,</span> <span class='ocrx_word' id='word_1_138' title='bbox 991 1016 1041 1055; x_wconf 63' lang='lat'>&lt;9³</span> <span class='ocrx_word' id='word_1_139' title='bbox 1061 1014 1147 1054; x_wconf 71' lang='lat' dir='ltr'>ideo</span> 
     </span>
     <span class='ocr_line' id='line_1_20' title="bbox 37 1068 631 1120; baseline -0.002 -14"><span class='ocrx_word' id='word_1_140' title='bbox 37 1068 134 1107; x_wconf 74' lang='lat' dir='ltr'>mliii</span> <span class='ocrx_word' id='word_1_141' title='bbox 163 1083 303 1109; x_wconf 81' lang='lat' dir='ltr'>recens</span> <span class='ocrx_word' id='word_1_142' title='bbox 331 1069 402 1108; x_wconf 78' lang='lat' dir='ltr'>sub</span> <span class='ocrx_word' id='word_1_143' title='bbox 428 1071 510 1108; x_wconf 81' lang='lat' dir='ltr'>sole</span> <span class='ocrx_word' id='word_1_144' title='bbox 539 1068 602 1120; x_wconf 82' lang='lat' dir='ltr'>(a)</span> <span class='ocrx_word' id='word_1_145' title='bbox 620 1094 631 1106; x_wconf 88' lang='lat'>.</span> 
     </span>
    </p>

    <p class='ocr_par' dir='ltr' id='par_1_3' title="bbox 38 1121 1145 1214">
     <span class='ocr_line' id='line_1_21' title="bbox 91 1121 1145 1175; baseline 0.001 -15"><span class='ocrx_word' id='word_1_146' title='bbox 91 1124 158 1175; x_wconf 85' lang='lat'>95.</span> <span class='ocrx_word' id='word_1_147' title='bbox 189 1124 350 1172; x_wconf 86' lang='lat' dir='ltr'>Quaeres</span> <span class='ocrx_word' id='word_1_148' title='bbox 369 1151 382 1173; x_wconf 86' lang='lat'>,</span> <span class='ocrx_word' id='word_1_149' title='bbox 429 1135 487 1160; x_wconf 86' lang='lat' dir='ltr'>an</span> <span class='ocrx_word' id='word_1_150' title='bbox 515 1121 687 1160; x_wconf 73' lang='lat' dir='ltr'>mumius</span> <span class='ocrx_word' id='word_1_151' title='bbox 714 1126 882 1172; x_wconf 66' lang='lat' dir='ltr'>potueri:</span> <span class='ocrx_word' id='word_1_152' title='bbox 912 1122 962 1160; x_wconf 76' lang='grc' dir='ltr'>αἱ)</span> <span class='ocrx_word' id='word_1_153' title='bbox 992 1132 1145 1161; x_wconf 75' lang='lat' dir='ltr'>ceterno</span> 
     </span>
     <span class='ocr_line' id='line_1_22' title="bbox 38 1175 210 1214; baseline -0.006 0"><span class='ocrx_word' id='word_1_154' title='bbox 38 1175 210 1214; x_wconf 78' lang='lat' dir='ltr'>creari?</span> 
     </span>
    </p>

    <p class='ocr_par' dir='ltr' id='par_1_4' title="bbox 35 1224 1148 1762">
     <span class='ocr_line' id='line_1_23' title="bbox 89 1224 1146 1282; baseline -0.001 -13"><span class='ocrx_word' id='word_1_155' title='bbox 89 1229 158 1281; x_wconf 76' lang='lat'>96.</span> <span class='ocrx_word' id='word_1_156' title='bbox 185 1224 300 1282; x_wconf 74' lang='lat' dir='ltr'>Resp.</span> <span class='ocrx_word' id='word_1_157' title='bbox 329 1230 431 1269; x_wconf 89' lang='lat' dir='ltr'>Cum</span> <span class='ocrx_word' id='word_1_158' title='bbox 458 1242 588 1267; x_wconf 87' lang='lat' dir='ltr'>omnes</span> <span class='ocrx_word' id='word_1_159' title='bbox 614 1228 817 1268; x_wconf 82' lang='lat' dir='ltr'>orthodoxi</span> <span class='ocrx_word' id='word_1_160' title='bbox 853 1228 966 1282; x_wconf 86' lang='lat' dir='ltr'>plane</span> <span class='ocrx_word' id='word_1_161' title='bbox 994 1243 1146 1269; x_wconf 83' lang='lat' dir='ltr'>cousen-</span> 
     </span>
     <span class='ocr_line' id='line_1_24' title="bbox 35 1283 1145 1332; baseline 0.003 -12"><span class='ocrx_word' id='word_1_162' title='bbox 35 1283 158 1330; x_wconf 76' lang='lat' dir='ltr'>tiant,</span> <span class='ocrx_word' id='word_1_163' title='bbox 189 1283 322 1322; x_wconf 90' lang='lat' dir='ltr'>mundi</span> <span class='ocrx_word' id='word_1_164' title='bbox 351 1283 581 1322; x_wconf 81' lang='lat' dir='ltr'>creationem</span> <span class='ocrx_word' id='word_1_165' title='bbox 611 1296 684 1321; x_wconf 86' lang='lat' dir='ltr'>non</span> <span class='ocrx_word' id='word_1_166' title='bbox 704 1297 780 1321; x_wconf 86' lang='lat' dir='ltr'>esse</span> <span class='ocrx_word' id='word_1_167' title='bbox 799 1283 848 1321; x_wconf 87' lang='lat' dir='ltr'>ab</span> <span class='ocrx_word' id='word_1_168' title='bbox 870 1292 1039 1332; x_wconf 82' lang='lat' dir='ltr'>aeterno,</span> <span class='ocrx_word' id='word_1_169' title='bbox 1069 1284 1145 1323; x_wconf 88' lang='lat' dir='ltr'>dis-</span> 
     </span>
     <span class='ocr_line' id='line_1_25' title="bbox 38 1337 1146 1389; baseline 0.002 -16"><span class='ocrx_word' id='word_1_170' title='bbox 38 1337 201 1374; x_wconf 87' lang='lat' dir='ltr'>sentiunt</span> <span class='ocrx_word' id='word_1_171' title='bbox 231 1346 358 1389; x_wconf 75' lang='lat' dir='ltr'>&#39;postea</span> <span class='ocrx_word' id='word_1_172' title='bbox 385 1338 483 1376; x_wconf 85' lang='lat' dir='ltr'>inter</span> <span class='ocrx_word' id='word_1_173' title='bbox 511 1350 576 1386; x_wconf 87' lang='lat' dir='ltr'>se,</span> <span class='ocrx_word' id='word_1_174' title='bbox 606 1337 676 1375; x_wconf 89' lang='lat' dir='ltr'>ubi</span> <span class='ocrx_word' id='word_1_175' title='bbox 704 1338 892 1389; x_wconf 84' lang='lat' dir='ltr'>quaeritur</span> <span class='ocrx_word' id='word_1_176' title='bbox 909 1368 919 1386; x_wconf 82' lang='lat'><strong>,</strong></span> <span class='ocrx_word' id='word_1_177' title='bbox 948 1352 999 1377; x_wconf 86' lang='lat' dir='ltr'>an</span> <span class='ocrx_word' id='word_1_178' title='bbox 1013 1337 1146 1376; x_wconf 84' lang='lat' dir='ltr'>saltem</span> 
     </span>
     <span class='ocr_line' id='line_1_26' title="bbox 37 1390 1144 1444; baseline 0.004 -18"><span class='ocrx_word' id='word_1_179' title='bbox 37 1390 203 1441; x_wconf 85' lang='lat' dir='ltr'>potuerit</span> <span class='ocrx_word' id='word_1_180' title='bbox 245 1390 412 1429; x_wconf 88' lang='lat' dir='ltr'>mundus</span> <span class='ocrx_word' id='word_1_181' title='bbox 440 1390 489 1429; x_wconf 84' lang='lat' dir='ltr'>ab</span> <span class='ocrx_word' id='word_1_182' title='bbox 519 1400 662 1428; x_wconf 85' lang='lat' dir='ltr'>aeterno</span> <span class='ocrx_word' id='word_1_183' title='bbox 704 1391 854 1429; x_wconf 84' lang='lat' dir='ltr'>creari.</span> <span class='ocrx_word' id='word_1_184' title='bbox 899 1391 1060 1444; x_wconf 73' lang='lat' dir='ltr'>Aliqui‚</span> <span class='ocrx_word' id='word_1_185' title='bbox 1105 1401 1144 1430; x_wconf 87' lang='lat' dir='ltr'>ut</span> 
     </span>
     <span class='ocr_line' id='line_1_27' title="bbox 36 1443 1148 1495; baseline 0.003 -15"><span class='ocrx_word' id='word_1_186' title='bbox 36 1443 246 1495; x_wconf 78' lang='lat' dir='ltr'>Gregorius</span> <span class='ocrx_word' id='word_1_187' title='bbox 275 1443 470 1493; x_wconf 82' lang='lat' dir='ltr'>Arimin.,</span> <span class='ocrx_word' id='word_1_188' title='bbox 510 1443 767 1483; x_wconf 79' lang='lat' dir='ltr'>affirmantem</span> <span class='ocrx_word' id='word_1_189' title='bbox 797 1446 1020 1485; x_wconf 81' lang='lat' dir='ltr'>sententiam</span> <span class='ocrx_word' id='word_1_190' title='bbox 1050 1445 1148 1484; x_wconf 79' lang='lat' dir='ltr'>libe=</span> 
     </span>
     <span class='ocr_line' id='line_1_28' title="bbox 36 1497 1146 1551; baseline 0.003 -17"><span class='ocrx_word' id='word_1_191' title='bbox 36 1509 78 1534; x_wconf 82' lang='lat' dir='ltr'>re</span> <span class='ocrx_word' id='word_1_192' title='bbox 108 1506 290 1546; x_wconf 83' lang='lat' dir='ltr'>tuentur,</span> <span class='ocrx_word' id='word_1_193' title='bbox 319 1511 406 1536; x_wconf 87' lang='lat' dir='ltr'>cnm</span> <span class='ocrx_word' id='word_1_194' title='bbox 435 1497 546 1537; x_wconf 75' lang='lat' dir='ltr'>nulla</span> <span class='ocrx_word' id='word_1_195' title='bbox 566 1528 576 1546; x_wconf 89' lang='lat'>‚</span> <span class='ocrx_word' id='word_1_196' title='bbox 614 1504 655 1536; x_wconf 87' lang='lat' dir='ltr'>ut</span> <span class='ocrx_word' id='word_1_197' title='bbox 684 1499 776 1551; x_wconf 86' lang='lat' dir='ltr'>ipsis</span> <span class='ocrx_word' id='word_1_198' title='bbox 806 1498 982 1547; x_wconf 75' lang='lat' dir='ltr'>videtur,</span> <span class='ocrx_word' id='word_1_199' title='bbox 1026 1513 1146 1551; x_wconf 75' lang='lat' dir='ltr'>appa-</span> 
     </span>
     <span class='ocr_line' id='line_1_29' title="bbox 35 1548 1146 1604; baseline 0.002 -17"><span class='ocrx_word' id='word_1_200' title='bbox 35 1559 116 1588; x_wconf 84' lang='lat' dir='ltr'>reat</span> <span class='ocrx_word' id='word_1_201' title='bbox 146 1552 184 1589; x_wconf 85' lang='lat' dir='ltr'>in</span> <span class='ocrx_word' id='word_1_202' title='bbox 213 1548 284 1589; x_wconf 89' lang='lat' dir='ltr'>hoc</span> <span class='ocrx_word' id='word_1_203' title='bbox 331 1553 607 1604; x_wconf 80' lang='lat' dir='ltr'>repugnantia.</span> <span class='ocrx_word' id='word_1_204' title='bbox 650 1551 759 1589; x_wconf 77' lang='lat' dir='ltr'>Hane</span> <span class='ocrx_word' id='word_1_205' title='bbox 787 1553 1014 1590; x_wconf 87' lang='lat' dir='ltr'>sententiam</span> <span class='ocrx_word' id='word_1_206' title='bbox 1057 1553 1146 1589; x_wconf 86' lang='lat' dir='ltr'>ado-</span> 
     </span>
     <span class='ocr_line' id='line_1_30' title="bbox 35 1604 1146 1656; baseline 0.001 -15"><span class='ocrx_word' id='word_1_207' title='bbox 35 1605 158 1656; x_wconf 84' lang='lat' dir='ltr'>ptavit</span> <span class='ocrx_word' id='word_1_208' title='bbox 185 1617 261 1643; x_wconf 88' lang='lat' dir='ltr'>non</span> <span class='ocrx_word' id='word_1_209' title='bbox 291 1605 343 1642; x_wconf 87' lang='lat' dir='ltr'>ita</span> <span class='ocrx_word' id='word_1_210' title='bbox 386 1605 536 1656; x_wconf 87' lang='lat' dir='ltr'>pridem</span> <span class='ocrx_word' id='word_1_211' title='bbox 566 1604 606 1643; x_wconf 83' lang='lat' dir='ltr'>P.</span> <span class='ocrx_word' id='word_1_212' title='bbox 638 1604 815 1643; x_wconf 77' lang='lat' dir='ltr'>Salvator</span> <span class='ocrx_word' id='word_1_213' title='bbox 844 1605 975 1644; x_wconf 78' lang='lat' dir='ltr'>Maria</span> <span class='ocrx_word' id='word_1_214' title='bbox 1005 1605 1146 1644; x_wconf 79' lang='lat' dir='ltr'>Roselli</span> 
     </span>
     <span class='ocr_line' id='line_1_31' title="bbox 36 1657 1147 1712; baseline 0.003 -18"><span class='ocrx_word' id='word_1_215' title='bbox 36 1658 78 1695; x_wconf 88' lang='lat' dir='ltr'>in</span> <span class='ocrx_word' id='word_1_216' title='bbox 107 1657 280 1696; x_wconf 80' lang='lat' dir='ltr'>Summa</span> <span class='ocrx_word' id='word_1_217' title='bbox 309 1657 583 1710; x_wconf 66' lang='lat' dir='ltr'>Philosophica</span> <span class='ocrx_word' id='word_1_218' title='bbox 617 1659 788 1698; x_wconf 73' lang='lat' dir='ltr'>secunda</span> <span class='ocrx_word' id='word_1_219' title='bbox 823 1660 998 1699; x_wconf 75' lang='lat' dir='ltr'>secundae</span> <span class='ocrx_word' id='word_1_220' title='bbox 1029 1661 1147 1712; x_wconf 82' lang='lat' dir='ltr'>partis</span> 
     </span>
     <span class='ocr_line' id='line_1_32' title="bbox 37 1711 411 1762; baseline 0.011 -15"><span class='ocrx_word' id='word_1_221' title='bbox 37 1720 170 1762; x_wconf 79' lang='lat' dir='ltr'>quaest.</span> <span class='ocrx_word' id='word_1_222' title='bbox 208 1725 241 1750; x_wconf 83' lang='grc' dir='ltr'><strong>ι.</strong></span> <span class='ocrx_word' id='word_1_223' title='bbox 269 1721 342 1751; x_wconf 79' lang='lat' dir='ltr'>art.</span> <span class='ocrx_word' id='word_1_224' title='bbox 371 1711 411 1751; x_wconf 82' lang='lat'>6.</span> 
     </span>
    </p>

    <p class='ocr_par' dir='ltr' id='par_1_5' title="bbox 35 1763 1150 2134">
     <span class='ocr_line' id='line_1_33' title="bbox 90 1763 1146 1818; baseline 0.002 -16"><span class='ocrx_word' id='word_1_225' title='bbox 90 1777 157 1816; x_wconf 78' lang='lat'>97.</span> <span class='ocrx_word' id='word_1_226' title='bbox 187 1764 389 1804; x_wconf 80' lang='lat' dir='ltr'>Secundo.</span> <span class='ocrx_word' id='word_1_227' title='bbox 419 1765 498 1805; x_wconf 80' lang='lat' dir='ltr'>Alii</span> <span class='ocrx_word' id='word_1_228' title='bbox 529 1767 725 1818; x_wconf 78' lang='lat' dir='ltr'>excipiunt</span> <span class='ocrx_word' id='word_1_229' title='bbox 741 1767 890 1808; x_wconf 85' lang='lat' dir='ltr'>animas</span> <span class='ocrx_word' id='word_1_230' title='bbox 920 1763 1146 1810; x_wconf 52' lang='lat' dir='ltr'>rationalem</span> 
     </span>
     <span class='ocr_line' id='line_1_34' title="bbox 35 1819 1148 1872; baseline 0.002 -17"><span class='ocrx_word' id='word_1_231' title='bbox 35 1819 129 1869; x_wconf 80' lang='lat' dir='ltr'>quia</span> <span class='ocrx_word' id='word_1_232' title='bbox 157 1832 248 1856; x_wconf 88' lang='lat' dir='ltr'>cum</span> <span class='ocrx_word' id='word_1_233' title='bbox 277 1820 360 1857; x_wconf 79' lang='lat' dir='ltr'>istae</span> <span class='ocrx_word' id='word_1_234' title='bbox 389 1821 465 1858; x_wconf 89' lang='lat' dir='ltr'>sint</span> <span class='ocrx_word' id='word_1_235' title='bbox 492 1820 727 1858; x_wconf 84' lang='lat' dir='ltr'>immortales</span> <span class='ocrx_word' id='word_1_236' title='bbox 745 1851 756 1869; x_wconf 86' lang='lat'>‚</span> <span class='ocrx_word' id='word_1_237' title='bbox 785 1830 1006 1872; x_wconf 83' lang='lat' dir='ltr'>sequeretur</span> <span class='ocrx_word' id='word_1_238' title='bbox 1037 1820 1148 1857; x_wconf 85' lang='lat' dir='ltr'>modo</span> 
     </span>
     <span class='ocr_line' id='line_1_35' title="bbox 39 1872 1148 1927; baseline 0.001 -19"><span class='ocrx_word' id='word_1_239' title='bbox 39 1874 200 1910; x_wconf 70' lang='lat' dir='ltr'>existere</span> <span class='ocrx_word' id='word_1_240' title='bbox 228 1872 398 1911; x_wconf 84' lang='lat' dir='ltr'>infinitas</span> <span class='ocrx_word' id='word_1_241' title='bbox 427 1887 614 1920; x_wconf 83' lang='lat' dir='ltr'>numero3</span> <span class='ocrx_word' id='word_1_242' title='bbox 663 1875 766 1927; x_wconf 86' lang='lat' dir='ltr'>quod</span> <span class='ocrx_word' id='word_1_243' title='bbox 808 1874 894 1912; x_wconf 88' lang='lat' dir='ltr'>fieri</span> <span class='ocrx_word' id='word_1_244' title='bbox 924 1887 999 1912; x_wconf 87' lang='lat' dir='ltr'>non</span> <span class='ocrx_word' id='word_1_245' title='bbox 1042 1885 1148 1924; x_wconf 87' lang='lat' dir='ltr'>posse</span> 
     </span>
     <span class='ocr_line' id='line_1_36' title="bbox 38 1924 1147 1976; baseline 0.001 -15"><span class='ocrx_word' id='word_1_246' title='bbox 38 1924 316 1964; x_wconf 74' lang='lat' dir='ltr'>demonstratur</span> <span class='ocrx_word' id='word_1_247' title='bbox 336 1940 381 1965; x_wconf 85' lang='lat' dir='ltr'>ex</span> <span class='ocrx_word' id='word_1_248' title='bbox 396 1927 566 1966; x_wconf 85' lang='lat' dir='ltr'>doctrina</span> <span class='ocrx_word' id='word_1_249' title='bbox 582 1927 709 1966; x_wconf 83' lang='lat' dir='ltr'>Sancti</span> <span class='ocrx_word' id='word_1_250' title='bbox 726 1926 889 1964; x_wconf 84' lang='lat' dir='ltr'>Thomae</span> <span class='ocrx_word' id='word_1_251' title='bbox 908 1927 936 1963; x_wconf 94' lang='lat' dir='ltr'>I.</span> <span class='ocrx_word' id='word_1_252' title='bbox 954 1926 995 1962; x_wconf 78' lang='lat' dir='ltr'>P.</span> <span class='ocrx_word' id='word_1_253' title='bbox 1010 1932 1147 1976; x_wconf 70' lang='lat' dir='ltr'>quaest.</span> 
     </span>
     <span class='ocr_line' id='line_1_37' title="bbox 41 1978 1148 2032; baseline -0.001 -17"><span class='ocrx_word' id='word_1_254' title='bbox 41 1992 80 2028; x_wconf 83' lang='lat'>7.</span> <span class='ocrx_word' id='word_1_255' title='bbox 101 1988 171 2018; x_wconf 88' lang='lat' dir='ltr'>art.</span> <span class='ocrx_word' id='word_1_256' title='bbox 193 1980 233 2025; x_wconf 70' lang='grc'><strong>4.</strong></span> <span class='ocrx_word' id='word_1_257' title='bbox 256 2009 266 2025; x_wconf 82' lang='grc'>,</span> <span class='ocrx_word' id='word_1_258' title='bbox 298 1980 367 2018; x_wconf 86' lang='lat' dir='ltr'>ubi</span> <span class='ocrx_word' id='word_1_259' title='bbox 396 1980 532 2031; x_wconf 79' lang='lat' dir='ltr'>probat</span> <span class='ocrx_word' id='word_1_260' title='bbox 550 2011 560 2029; x_wconf 78' lang='grc'>,</span> <span class='ocrx_word' id='word_1_261' title='bbox 591 1979 827 2032; x_wconf 78' lang='lat' dir='ltr'>impossibile</span> <span class='ocrx_word' id='word_1_262' title='bbox 856 1991 944 2016; x_wconf 82' lang='lat' dir='ltr'>esse</span> <span class='ocrx_word' id='word_1_263' title='bbox 973 1978 1148 2016; x_wconf 78' lang='lat' dir='ltr'>multitu-</span> 
     </span>
     <span class='ocr_line' id='line_1_38' title="bbox 35 2030 1150 2085; baseline 0.001 -17"><span class='ocrx_word' id='word_1_264' title='bbox 35 2030 171 2069; x_wconf 78' lang='lat' dir='ltr'>dinem</span> <span class='ocrx_word' id='word_1_265' title='bbox 200 2031 408 2085; x_wconf 81' lang='lat' dir='ltr'>infinitam</span> <span class='ocrx_word' id='word_1_266' title='bbox 436 2036 478 2070; x_wconf 87' lang='lat' dir='ltr'>z&#39;n</span> <span class='ocrx_word' id='word_1_267' title='bbox 507 2041 622 2071; x_wconf 77' lang='lat' dir='ltr'>actu.</span> <span class='ocrx_word' id='word_1_268' title='bbox 664 2033 754 2081; x_wconf 81' lang='lat' dir='ltr'>Qua</span> <span class='ocrx_word' id='word_1_269' title='bbox 782 2034 822 2069; x_wconf 92' lang='lat' dir='ltr'>in</span> <span class='ocrx_word' id='word_1_270' title='bbox 852 2045 893 2068; x_wconf 88' lang='lat' dir='ltr'>re</span> <span class='ocrx_word' id='word_1_271' title='bbox 922 2031 991 2069; x_wconf 81' lang='lat' dir='ltr'>alii</span> <span class='ocrx_word' id='word_1_272' title='bbox 1032 2032 1150 2069; x_wconf 77' lang='lat' dir='ltr'>&#39;etiam</span> 
     </span>
     <span class='ocr_line' id='line_1_39' title="bbox 35 2083 627 2134; baseline 0.002 -12"><span class='ocrx_word' id='word_1_273' title='bbox 35 2083 224 2134; x_wconf 78' lang='lat' dir='ltr'>Tlieologi</span> <span class='ocrx_word' id='word_1_274' title='bbox 253 2086 332 2121; x_wconf 83' lang='lat' dir='ltr'>fere</span> <span class='ocrx_word' id='word_1_275' title='bbox 361 2087 599 2123; x_wconf 84' lang='lat' dir='ltr'>consentiunt</span> <span class='ocrx_word' id='word_1_276' title='bbox 616 2109 627 2123; x_wconf 76' lang='lat'>.</span> 
     </span>
    </p>

    <p class='ocr_par' dir='ltr' id='par_1_6' title="bbox 35 2136 1151 2511">
     <span class='ocr_line' id='line_1_40' title="bbox 90 2136 1150 2189; baseline -0.001 -14"><span class='ocrx_word' id='word_1_277' title='bbox 90 2136 157 2189; x_wconf 82' lang='lat'>98.</span> <span class='ocrx_word' id='word_1_278' title='bbox 187 2136 318 2175; x_wconf 83' lang='lat' dir='ltr'>Tertia</span> <span class='ocrx_word' id='word_1_279' title='bbox 347 2139 528 2174; x_wconf 87' lang='lat' dir='ltr'>sententia</span> <span class='ocrx_word' id='word_1_280' title='bbox 556 2145 609 2174; x_wconf 89' lang='lat' dir='ltr'>est</span> <span class='ocrx_word' id='word_1_281' title='bbox 638 2149 770 2175; x_wconf 84' lang='lat' dir='ltr'>eorum</span> <span class='ocrx_word' id='word_1_282' title='bbox 793 2166 803 2185; x_wconf 83' lang='lat'>,</span> <span class='ocrx_word' id='word_1_283' title='bbox 840 2137 907 2189; x_wconf 88' lang='lat' dir='ltr'>qui</span> <span class='ocrx_word' id='word_1_284' title='bbox 938 2136 1150 2175; x_wconf 74' lang='lat' dir='ltr'>concedunt</span> 
     </span>
     <span class='ocr_line' id='line_1_41' title="bbox 36 2190 1148 2243; baseline -0.001 -14"><span class='ocrx_word' id='word_1_285' title='bbox 36 2191 228 2229; x_wconf 81' lang='lat' dir='ltr'>mundum</span> <span class='ocrx_word' id='word_1_286' title='bbox 259 2190 309 2228; x_wconf 88' lang='lat' dir='ltr'>ab</span> <span class='ocrx_word' id='word_1_287' title='bbox 338 2199 480 2229; x_wconf 74' lang='lat' dir='ltr'>aeterno</span> <span class='ocrx_word' id='word_1_288' title='bbox 508 2191 631 2228; x_wconf 83' lang='lat' dir='ltr'>creari</span> <span class='ocrx_word' id='word_1_289' title='bbox 659 2191 822 2241; x_wconf 80' lang='lat' dir='ltr'>potuisse</span> <span class='ocrx_word' id='word_1_290' title='bbox 843 2220 853 2239; x_wconf 64' lang='lat' dir='ltr'>a</span> <span class='ocrx_word' id='word_1_291' title='bbox 883 2200 1070 2243; x_wconf 82' lang='lat' dir='ltr'>quantum</span> <span class='ocrx_word' id='word_1_292' title='bbox 1101 2190 1148 2228; x_wconf 85' lang='lat' dir='ltr'>ad</span> 
     </span>
     <span class='ocr_line' id='line_1_42' title="bbox 35 2244 1149 2297; baseline 0 -15"><span class='ocrx_word' id='word_1_293' title='bbox 35 2257 96 2282; x_wconf 77' lang='lat' dir='ltr'>res</span> <span class='ocrx_word' id='word_1_294' title='bbox 125 2252 389 2297; x_wconf 85' lang='lat' dir='ltr'>permanentes</span> <span class='ocrx_word' id='word_1_295' title='bbox 411 2274 422 2293; x_wconf 88' lang='lat'>,</span> <span class='ocrx_word' id='word_1_296' title='bbox 465 2256 540 2282; x_wconf 84' lang='lat' dir='ltr'>non</span> <span class='ocrx_word' id='word_1_297' title='bbox 588 2251 714 2282; x_wconf 83' lang='lat' dir='ltr'>autem</span> <span class='ocrx_word' id='word_1_298' title='bbox 759 2253 944 2297; x_wconf 81' lang='lat' dir='ltr'>quantum</span> <span class='ocrx_word' id='word_1_299' title='bbox 975 2244 1022 2282; x_wconf 84' lang='lat' dir='ltr'>ad</span> <span class='ocrx_word' id='word_1_300' title='bbox 1051 2258 1112 2282; x_wconf 83' lang='lat' dir='ltr'>eas</span> <span class='ocrx_word' id='word_1_301' title='bbox 1138 2274 1149 2293; x_wconf 84' lang='lat'><strong>,</strong></span> 
     </span>
     <span class='ocr_line' id='line_1_43' title="bbox 37 2297 1150 2350; baseline 0 -15"><span class='ocrx_word' id='word_1_302' title='bbox 37 2311 128 2350; x_wconf 84' lang='lat' dir='ltr'>quae</span> <span class='ocrx_word' id='word_1_303' title='bbox 158 2306 263 2335; x_wconf 88' lang='lat' dir='ltr'>motu</span> <span class='ocrx_word' id='word_1_304' title='bbox 287 2327 298 2346; x_wconf 87' lang='lat'>,</span> <span class='ocrx_word' id='word_1_305' title='bbox 327 2297 362 2334; x_wconf 76' lang='lat'>8&lt;</span> <span class='ocrx_word' id='word_1_306' title='bbox 391 2297 627 2336; x_wconf 80' lang='lat' dir='ltr'>successione</span> <span class='ocrx_word' id='word_1_307' title='bbox 655 2308 882 2349; x_wconf 85' lang='lat' dir='ltr'>generantur</span> <span class='ocrx_word' id='word_1_308' title='bbox 911 2328 921 2346; x_wconf 84' lang='lat'>‚</span> <span class='ocrx_word' id='word_1_309' title='bbox 952 2299 1046 2350; x_wconf 80' lang='lat' dir='ltr'>quia</span> <span class='ocrx_word' id='word_1_310' title='bbox 1059 2306 1150 2336; x_wconf 88' lang='lat' dir='ltr'>tunc</span> 
     </span>
     <span class='ocr_line' id='line_1_44' title="bbox 36 2348 1151 2404; baseline 0 -15"><span class='ocrx_word' id='word_1_311' title='bbox 36 2353 230 2402; x_wconf 85' lang='lat' dir='ltr'>generatio</span> <span class='ocrx_word' id='word_1_312' title='bbox 258 2365 426 2404; x_wconf 84' lang='lat' dir='ltr'>praesens</span> <span class='ocrx_word' id='word_1_313' title='bbox 468 2350 634 2402; x_wconf 83' lang='lat' dir='ltr'>alicujus</span> <span class='ocrx_word' id='word_1_314' title='bbox 660 2352 716 2388; x_wconf 83' lang='lat' dir='ltr'>rei</span> <span class='ocrx_word' id='word_1_315' title='bbox 742 2351 976 2403; x_wconf 59' lang='lat' dir='ltr'>‘dependeret</span> <span class='ocrx_word' id='word_1_316' title='bbox 1013 2348 1063 2389; x_wconf 86' lang='lat' dir='ltr'>ab</span> <span class='ocrx_word' id='word_1_317' title='bbox 1092 2353 1151 2390; x_wconf 87' lang='lat' dir='ltr'>in—</span> 
     </span>
     <span class='ocr_line' id='line_1_45' title="bbox 36 2405 1151 2458; baseline -0.002 -14"><span class='ocrx_word' id='word_1_318' title='bbox 36 2405 156 2444; x_wconf 78' lang='lat' dir='ltr'>finitis</span> <span class='ocrx_word' id='word_1_319' title='bbox 184 2405 487 2457; x_wconf 81' lang='lat' dir='ltr'>generationibus</span> <span class='ocrx_word' id='word_1_320' title='bbox 515 2405 821 2457; x_wconf 64' lang='lat' dir='ltr'>praecedentibus</span> <span class='ocrx_word' id='word_1_321' title='bbox 842 2436 852 2454; x_wconf 84' lang='lat'>‚</span> <span class='ocrx_word' id='word_1_322' title='bbox 890 2420 985 2458; x_wconf 84' lang='lat' dir='ltr'>quas</span> <span class='ocrx_word' id='word_1_323' title='bbox 1014 2414 1151 2458; x_wconf 73' lang='lat' dir='ltr'>praete-</span> 
     </span>
     <span class='ocr_line' id='line_1_46' title="bbox 38 2459 1149 2511; baseline 0.001 -15"><span class='ocrx_word' id='word_1_324' title='bbox 38 2459 147 2498; x_wconf 84' lang='lat' dir='ltr'>riisse</span> <span class='ocrx_word' id='word_1_325' title='bbox 175 2472 322 2499; x_wconf 86' lang='lat' dir='ltr'>necesse</span> <span class='ocrx_word' id='word_1_326' title='bbox 351 2460 474 2509; x_wconf 59' lang='lat' dir='ltr'>foret-3,</span> <span class='ocrx_word' id='word_1_327' title='bbox 511 2473 601 2498; x_wconf 89' lang='lat' dir='ltr'>cum</span> <span class='ocrx_word' id='word_1_328' title='bbox 626 2468 758 2498; x_wconf 81' lang='lat' dir='ltr'>tamen</span> <span class='ocrx_word' id='word_1_329' title='bbox 787 2459 984 2498; x_wconf 84' lang='lat' dir='ltr'>infinitum</span> <span class='ocrx_word' id='word_1_330' title='bbox 1011 2468 1149 2511; x_wconf 73' lang='lat' dir='ltr'>‚praete-</span> 
     </span>
    </p>
   </div>
   <div class='ocr_carea' id='block_1_3' title="bbox 28 2621 1157 3313">
    <p class='ocr_par' dir='ltr' id='par_1_7' title="bbox 28 2621 1157 3088">
     <span class='ocr_line' id='line_1_47' title="bbox 28 2621 1153 2668; baseline 0.003 -15"><span class='ocrx_word' id='word_1_331' title='bbox 28 2621 265 2656; x_wconf 69' lang='lat' dir='ltr'>effinxerunt.</span> <span class='ocrx_word' id='word_1_332' title='bbox 293 2623 426 2657; x_wconf 85' lang='lat' dir='ltr'>Mirum</span> <span class='ocrx_word' id='word_1_333' title='bbox 450 2632 501 2657; x_wconf 86' lang='lat' dir='ltr'>est</span> <span class='ocrx_word' id='word_1_334' title='bbox 517 2645 528 2664; x_wconf 86' lang='lat'><strong>,</strong></span> <span class='ocrx_word' id='word_1_335' title='bbox 557 2623 664 2657; x_wconf 81' lang='lat' dir='ltr'>etiam</span> <span class='ocrx_word' id='word_1_336' title='bbox 689 2623 878 2668; x_wconf 80' lang='lat' dir='ltr'>Origenem</span> <span class='ocrx_word' id='word_1_337' title='bbox 903 2622 1153 2657; x_wconf 71' lang='lat' dir='ltr'>commentitia!</span> 
     </span>
     <span class='ocr_line' id='line_1_48' title="bbox 35 2664 1156 2715; baseline 0.003 -16"><span class='ocrx_word' id='word_1_338' title='bbox 35 2664 270 2702; x_wconf 77' lang='lat' dir='ltr'>huic&#39;fabulae</span> <span class='ocrx_word' id='word_1_339' title='bbox 296 2670 543 2715; x_wconf 80' lang='lat' dir='ltr'>subscripsisse</span> <span class='ocrx_word' id='word_1_340' title='bbox 565 2692 575 2710; x_wconf 89' lang='lat'><em>‚</em></span> <span class='ocrx_word' id='word_1_341' title='bbox 601 2678 639 2703; x_wconf 91' lang='lat' dir='ltr'>ut</span> <span class='ocrx_word' id='word_1_342' title='bbox 665 2682 769 2715; x_wconf 86' lang='lat' dir='ltr'>supra</span> <span class='ocrx_word' id='word_1_343' title='bbox 789 2671 967 2704; x_wconf 77' lang='lat' dir='ltr'>innuimus</span> <span class='ocrx_word' id='word_1_344' title='bbox 983 2691 994 2710; x_wconf 91' lang='lat'><em>,</em></span> <span class='ocrx_word' id='word_1_345' title='bbox 1019 2668 1060 2702; x_wconf 78' lang='lat' dir='ltr'>(le</span> <span class='ocrx_word' id='word_1_346' title='bbox 1085 2681 1156 2714; x_wconf 85' lang='lat' dir='ltr'>quo</span> 
     </span>
     <span class='ocr_line' id='line_1_49' title="bbox 35 2714 1154 2761; baseline 0.004 -17"><span class='ocrx_word' id='word_1_347' title='bbox 35 2719 222 2757; x_wconf 80' lang='lat' dir='ltr'>‘propterea</span> <span class='ocrx_word' id='word_1_348' title='bbox 249 2716 298 2749; x_wconf 85' lang='lat' dir='ltr'>ita</span> <span class='ocrx_word' id='word_1_349' title='bbox 325 2717 357 2748; x_wconf 93' lang='lat' dir='ltr'>S.</span> <span class='ocrx_word' id='word_1_350' title='bbox 386 2717 622 2761; x_wconf 80' lang='lat' dir='ltr'>Hieronymus</span> <span class='ocrx_word' id='word_1_351' title='bbox 665 2717 787 2750; x_wconf 82' lang='lat' dir='ltr'>scribit</span> <span class='ocrx_word' id='word_1_352' title='bbox 815 2717 848 2749; x_wconf 90' lang='lat' dir='ltr'>in</span> <span class='ocrx_word' id='word_1_353' title='bbox 874 2717 975 2761; x_wconf 80' lang='lat' dir='ltr'>epist.</span> <span class='ocrx_word' id='word_1_354' title='bbox 1008 2717 1083 2758; x_wconf 74' lang='lat'>124.</span> <span class='ocrx_word' id='word_1_355' title='bbox 1112 2714 1154 2749; x_wconf 80' lang='lat' dir='ltr'>ad</span> 
     </span>
     <span class='ocr_line' id='line_1_50' title="bbox 35 2759 1157 2810; baseline 0.004 -18"><span class='ocrx_word' id='word_1_356' title='bbox 35 2759 181 2793; x_wconf 87' lang='lat' dir='ltr'>Avitum</span> <span class='ocrx_word' id='word_1_357' title='bbox 206 2773 236 2794; x_wconf 87' lang='lat' dir='ltr'>c.</span> <span class='ocrx_word' id='word_1_358' title='bbox 267 2773 299 2795; x_wconf 84' lang='lat'>2.</span> <span class='ocrx_word' id='word_1_359' title='bbox 334 2762 486 2796; x_wconf 70' lang='lat' dir='ltr'>Mandas</span> <span class='ocrx_word' id='word_1_360' title='bbox 521 2767 651 2796; x_wconf 79' lang='lat' dir='ltr'>asserit</span> <span class='ocrx_word' id='word_1_361' title='bbox 688 2765 975 2803; x_wconf 76' lang='lat' dir='ltr'>innumerabiles,</span> <span class='ocrx_word' id='word_1_362' title='bbox 1015 2776 1079 2796; x_wconf 85' lang='lat' dir='ltr'>non</span> <span class='ocrx_word' id='word_1_363' title='bbox 1099 2763 1157 2810; x_wconf 79' lang='lat' dir='ltr'>ju-</span> 
     </span>
     <span class='ocr_line' id='line_1_51' title="bbox 36 2806 1153 2854; baseline 0.004 -16"><span class='ocrx_word' id='word_1_364' title='bbox 36 2813 99 2838; x_wconf 72' lang='lat' dir='ltr'>xta</span> <span class='ocrx_word' id='word_1_365' title='bbox 124 2806 310 2851; x_wconf 78' lang='lat' dir='ltr'>Epicur-nm</span> <span class='ocrx_word' id='word_1_366' title='bbox 336 2822 398 2842; x_wconf 80' lang='lat' dir='ltr'>uno</span> <span class='ocrx_word' id='word_1_367' title='bbox 434 2818 581 2852; x_wconf 83' lang='lat' dir='ltr'>tempore</span> <span class='ocrx_word' id='word_1_368' title='bbox 613 2812 774 2854; x_wconf 80' lang='lat' dir='ltr'>plurimos</span> <span class='ocrx_word' id='word_1_369' title='bbox 790 2832 800 2850; x_wconf 89' lang='lat'>,</span> <span class='ocrx_word' id='word_1_370' title='bbox 844 2815 884 2843; x_wconf 59' lang='grc' dir='ltr'>(θ’</span> <span class='ocrx_word' id='word_1_371' title='bbox 911 2814 964 2843; x_wconf 79' lang='lat' dir='ltr'>sui</span> <span class='ocrx_word' id='word_1_372' title='bbox 993 2812 1126 2843; x_wconf 81' lang='lat' dir='ltr'>similes</span> <span class='ocrx_word' id='word_1_373' title='bbox 1142 2830 1153 2850; x_wconf 85' lang='lat'><strong>,</strong></span> 
     </span>
     <span class='ocr_line' id='line_1_52' title="bbox 36 2852 1153 2899; baseline 0.004 -16"><span class='ocrx_word' id='word_1_374' title='bbox 36 2852 102 2884; x_wconf 79' lang='lat' dir='ltr'>sed</span> <span class='ocrx_word' id='word_1_375' title='bbox 124 2862 201 2894; x_wconf 83' lang='lat' dir='ltr'>post</span> <span class='ocrx_word' id='word_1_376' title='bbox 225 2857 372 2888; x_wconf 78' lang='lat' dir='ltr'>alterius</span> <span class='ocrx_word' id='word_1_377' title='bbox 395 2858 510 2888; x_wconf 79' lang='lat' dir='ltr'>mundi</span> <span class='ocrx_word' id='word_1_378' title='bbox 526 2856 638 2899; x_wconf 76' lang='lat' dir='ltr'>finem</span> <span class='ocrx_word' id='word_1_379' title='bbox 673 2859 817 2890; x_wconf 79' lang='lat' dir='ltr'>alterius</span> <span class='ocrx_word' id='word_1_380' title='bbox 844 2870 921 2889; x_wconf 80' lang='lat' dir='ltr'>esse</span> <span class='ocrx_word' id='word_1_381' title='bbox 946 2859 1153 2899; x_wconf 77' lang='lat' dir='ltr'>principium</span> 
     </span>
     <span class='ocr_line' id='line_1_53' title="bbox 36 2901 1153 2947; baseline 0.001 -15"><span class='ocrx_word' id='word_1_382' title='bbox 36 2901 100 2930; x_wconf 84' lang='lat' dir='ltr'>&amp;c-</span> <span class='ocrx_word' id='word_1_383' title='bbox 117 2920 125 2928; x_wconf 90' lang='lat'><strong>·</strong></span> <span class='ocrx_word' id='word_1_384' title='bbox 141 2919 150 2928; x_wconf 89' lang='lat'><strong>·</strong></span> <span class='ocrx_word' id='word_1_385' title='bbox 166 2920 173 2929; x_wconf 88' lang='lat'>·</span> <span class='ocrx_word' id='word_1_386' title='bbox 207 2901 288 2934; x_wconf 78' lang='lat' dir='ltr'>Cum</span> <span class='ocrx_word' id='word_1_387' title='bbox 313 2902 381 2935; x_wconf 81' lang='lat' dir='ltr'>haec</span> <span class='ocrx_word' id='word_1_388' title='bbox 407 2904 529 2941; x_wconf 53' lang='lat' dir='ltr'>(licam</span> <span class='ocrx_word' id='word_1_389' title='bbox 553 2915 664 2936; x_wconf 84' lang='lat' dir='ltr'>nonne</span> <span class='ocrx_word' id='word_1_390' title='bbox 689 2903 975 2946; x_wconf 73' lang='lat' dir='ltr'>manifestissime</span> <span class='ocrx_word' id='word_1_391' title='bbox 1000 2907 1153 2947; x_wconf 76' lang='lat' dir='ltr'>gentium</span> 
     </span>
     <span class='ocr_line' id='line_1_54' title="bbox 37 2948 1151 2992; baseline 0.004 -16"><span class='ocrx_word' id='word_1_392' title='bbox 37 2948 189 2989; x_wconf 79' lang='lat' dir='ltr'>sequitur</span> <span class='ocrx_word' id='word_1_393' title='bbox 214 2956 360 2981; x_wconf 75' lang='lat' dir='ltr'>errorem</span> <span class='ocrx_word' id='word_1_394' title='bbox 378 2971 389 2989; x_wconf 90' lang='lat'><em>‚</em></span> <span class='ocrx_word' id='word_1_395' title='bbox 434 2952 474 2981; x_wconf 75' lang='lat'>(9⁴</span> <span class='ocrx_word' id='word_1_396' title='bbox 501 2948 786 2992; x_wconf 79' lang='lat' dir='ltr'>Philosophorum</span> <span class='ocrx_word' id='word_1_397' title='bbox 814 2951 1042 2982; x_wconf 74' lang='lat' dir='ltr'>deliramenta</span> <span class='ocrx_word' id='word_1_398' title='bbox 1069 2953 1151 2981; x_wconf 83' lang='lat' dir='ltr'>sim—</span> 
     </span>
     <span class='ocr_line' id='line_1_55' title="bbox 36 2993 1151 3036; baseline 0.001 -12"><span class='ocrx_word' id='word_1_399' title='bbox 36 2993 194 3034; x_wconf 81' lang='lat' dir='ltr'>plicitati</span> <span class='ocrx_word' id='word_1_400' title='bbox 221 2995 349 3036; x_wconf 75' lang='lat' dir='ltr'>ingerit</span> <span class='ocrx_word' id='word_1_401' title='bbox 375 2995 607 3029; x_wconf 54' lang='lat' dir='ltr'>Christianae?</span> <span class='ocrx_word' id='word_1_402' title='bbox 632 2994 801 3029; x_wconf 73' lang='lat' dir='ltr'>Eamdem</span> <span class='ocrx_word' id='word_1_403' title='bbox 827 2996 982 3029; x_wconf 80' lang='lat' dir='ltr'>fabulam</span> <span class='ocrx_word' id='word_1_404' title='bbox 1008 2994 1151 3029; x_wconf 87' lang='lat' dir='ltr'>nonnul-</span> 
     </span>
     <span class='ocr_line' id='line_1_56' title="bbox 35 3037 1155 3088; baseline 0.003 -19"><span class='ocrx_word' id='word_1_405' title='bbox 35 3038 62 3070; x_wconf 83' lang='lat' dir='ltr'>li</span> <span class='ocrx_word' id='word_1_406' title='bbox 88 3037 297 3071; x_wconf 82' lang='lat' dir='ltr'>recentiores</span> <span class='ocrx_word' id='word_1_407' title='bbox 323 3038 667 3088; x_wconf 78' lang='lat' dir='ltr'>pseudo-philosophi</span> <span class='ocrx_word' id='word_1_408' title='bbox 709 3041 871 3075; x_wconf 84' lang='lat' dir='ltr'>recudere</span> <span class='ocrx_word' id='word_1_409' title='bbox 910 3043 1023 3076; x_wconf 85' lang='lat' dir='ltr'>conati</span> <span class='ocrx_word' id='word_1_410' title='bbox 1051 3048 1155 3074; x_wconf 83' lang='lat' dir='ltr'>sunt.</span> 
     </span>
    </p>

    <p class='ocr_par' dir='ltr' id='par_1_8' title="bbox 35 3085 1156 3313">
     <span class='ocr_line' id='line_1_57' title="bbox 83 3085 1156 3134; baseline -0.006 -10"><span class='ocrx_word' id='word_1_411' title='bbox 83 3090 132 3123; x_wconf 73' lang='lat' dir='ltr'>(a)</span> <span class='ocrx_word' id='word_1_412' title='bbox 160 3085 294 3118; x_wconf 85' lang='lat' dir='ltr'>Multas</span> <span class='ocrx_word' id='word_1_413' title='bbox 310 3085 396 3118; x_wconf 80' lang='lat' dir='ltr'>alias</span> <span class='ocrx_word' id='word_1_414' title='bbox 410 3097 568 3123; x_wconf 85' lang='lat' dir='ltr'>veterum</span> <span class='ocrx_word' id='word_1_415' title='bbox 594 3090 749 3134; x_wconf 77' lang='lat' dir='ltr'>argutias</span> <span class='ocrx_word' id='word_1_416' title='bbox 768 3101 786 3121; x_wconf 88' lang='lat' dir='ltr'>a</span> <span class='ocrx_word' id='word_1_417' title='bbox 803 3089 1056 3122; x_wconf 83' lang='lat' dir='ltr'>recentioribus</span> <span class='ocrx_word' id='word_1_418' title='bbox 1075 3098 1156 3119; x_wconf 85' lang='lat' dir='ltr'>rur-</span> 
     </span>
     <span class='ocr_line' id='line_1_58' title="bbox 37 3131 1150 3177; baseline -0.001 -12"><span class='ocrx_word' id='word_1_419' title='bbox 37 3143 115 3165; x_wconf 81' lang='lat' dir='ltr'>sum</span> <span class='ocrx_word' id='word_1_420' title='bbox 141 3131 329 3175; x_wconf 83' lang='lat' dir='ltr'>productas</span> <span class='ocrx_word' id='word_1_421' title='bbox 355 3133 591 3177; x_wconf 76' lang='lat' dir='ltr'>suppeditabit</span> <span class='ocrx_word' id='word_1_422' title='bbox 618 3137 652 3169; x_wconf 83' lang='lat' dir='ltr'>S.</span> <span class='ocrx_word' id='word_1_423' title='bbox 681 3135 862 3176; x_wconf 83' lang='lat' dir='ltr'>Thomas,</span> <span class='ocrx_word' id='word_1_424' title='bbox 888 3147 968 3169; x_wconf 89' lang='lat' dir='ltr'>cum</span> <span class='ocrx_word' id='word_1_425' title='bbox 994 3136 1028 3167; x_wconf 89' lang='lat' dir='ltr'>in</span> <span class='ocrx_word' id='word_1_426' title='bbox 1053 3132 1150 3166; x_wconf 85' lang='lat' dir='ltr'>laud.</span> 
     </span>
     <span class='ocr_line' id='line_1_59' title="bbox 35 3178 1151 3226; baseline 0.003 -15"><span class='ocrx_word' id='word_1_427' title='bbox 35 3179 162 3223; x_wconf 67' lang='lat' dir='ltr'>sa’pius</span> <span class='ocrx_word' id='word_1_428' title='bbox 189 3186 256 3211; x_wconf 86' lang='lat' dir='ltr'>art.</span> <span class='ocrx_word' id='word_1_429' title='bbox 285 3179 310 3210; x_wconf 86' lang='lat' dir='ltr'>l·</span> <span class='ocrx_word' id='word_1_430' title='bbox 337 3178 397 3219; x_wconf 89' lang='lat' dir='ltr'>P-‚</span> <span class='ocrx_word' id='word_1_431' title='bbox 423 3188 500 3213; x_wconf 85' lang='lat' dir='ltr'>tum</span> <span class='ocrx_word' id='word_1_432' title='bbox 525 3181 560 3214; x_wconf 87' lang='lat' dir='ltr'>in</span> <span class='ocrx_word' id='word_1_433' title='bbox 589 3183 664 3217; x_wconf 85' lang='lat' dir='ltr'>Lib.</span> <span class='ocrx_word' id='word_1_434' title='bbox 692 3184 733 3216; x_wconf 90' lang='lat' dir='ltr'>Il.</span> <span class='ocrx_word' id='word_1_435' title='bbox 761 3190 881 3216; x_wconf 81' lang='lat' dir='ltr'>contra</span> <span class='ocrx_word' id='word_1_436' title='bbox 902 3191 1049 3226; x_wconf 73' lang='lat' dir='ltr'>gentes,</span> <span class='ocrx_word' id='word_1_437' title='bbox 1075 3190 1151 3224; x_wconf 81' lang='lat' dir='ltr'>cap-</span> 
     </span>
     <span class='ocr_line' id='line_1_60' title="bbox 37 3222 1152 3272; baseline 0.005 -18"><span class='ocrx_word' id='word_1_438' title='bbox 37 3225 122 3264; x_wconf 85' lang='lat'>32.‚</span> <span class='ocrx_word' id='word_1_439' title='bbox 161 3226 192 3255; x_wconf 77' lang='grc' dir='ltr'>δε</span> <span class='ocrx_word' id='word_1_440' title='bbox 215 3222 347 3258; x_wconf 83' lang='lat' dir='ltr'>duobus</span> <span class='ocrx_word' id='word_1_441' title='bbox 374 3236 472 3269; x_wconf 85' lang='lat' dir='ltr'>seq.,</span> <span class='ocrx_word' id='word_1_442' title='bbox 514 3235 590 3261; x_wconf 88' lang='lat' dir='ltr'>tum</span> <span class='ocrx_word' id='word_1_443' title='bbox 614 3230 722 3263; x_wconf 85' lang='lat' dir='ltr'>etiam</span> <span class='ocrx_word' id='word_1_444' title='bbox 749 3229 784 3261; x_wconf 88' lang='lat' dir='ltr'>in</span> <span class='ocrx_word' id='word_1_445' title='bbox 810 3237 934 3272; x_wconf 56' lang='lat' dir='ltr'>quaest.</span> <span class='ocrx_word' id='word_1_446' title='bbox 964 3230 996 3262; x_wconf 81' lang='lat'>3.</span> <span class='ocrx_word' id='word_1_447' title='bbox 1024 3229 1066 3261; x_wconf 78' lang='lat' dir='ltr'>de</span> <span class='ocrx_word' id='word_1_448' title='bbox 1091 3238 1152 3270; x_wconf 86' lang='lat' dir='ltr'>po·</span> 
     </span>
     <span class='ocr_line' id='line_1_61' title="bbox 35 3271 1149 3313; baseline 0.003 -10"><span class='ocrx_word' id='word_1_449' title='bbox 35 3273 143 3303; x_wconf 75' lang='lat' dir='ltr'>tentia</span> <span class='ocrx_word' id='word_1_450' title='bbox 169 3278 234 3304; x_wconf 87' lang='lat' dir='ltr'>art.</span> <span class='ocrx_word' id='word_1_451' title='bbox 265 3281 318 3313; x_wconf 85' lang='lat'>17.</span> <span class='ocrx_word' id='word_1_452' title='bbox 347 3282 386 3304; x_wconf 79' lang='lat' dir='ltr'>ac</span> <span class='ocrx_word' id='word_1_453' title='bbox 411 3271 553 3306; x_wconf 76' lang='lat' dir='ltr'>demum</span> <span class='ocrx_word' id='word_1_454' title='bbox 577 3274 612 3306; x_wconf 82' lang='lat' dir='ltr'>in</span> <span class='ocrx_word' id='word_1_455' title='bbox 638 3276 716 3310; x_wconf 80' lang='lat' dir='ltr'>Lib.</span> <span class='ocrx_word' id='word_1_456' title='bbox 744 3276 787 3308; x_wconf 85' lang='lat'>11.</span> <span class='ocrx_word' id='word_1_457' title='bbox 814 3275 976 3309; x_wconf 72' lang='lat' dir='ltr'>Sentent.</span> <span class='ocrx_word' id='word_1_458' title='bbox 1003 3274 1096 3306; x_wconf 82' lang='lat' dir='ltr'>Dist·</span> <span class='ocrx_word' id='word_1_459' title='bbox 1126 3273 1149 3304; x_wconf 72' lang='lat' dir='ltr'>I·</span> 
     </span>
    </p>
   </div>
   <div class='ocr_carea' id='block_1_4' title="bbox 1208 42 2328 1816">
    <p class='ocr_par' dir='ltr' id='par_1_9' title="bbox 1208 42 2314 197">
     <span class='ocr_line' id='line_1_62' title="bbox 2179 42 2272 82; baseline -0.011 -12"><span class='ocrx_word' id='word_1_460' title='bbox 2179 42 2272 82; x_wconf 80' lang='lat'><strong>207·</strong></span> 
     </span>
     <span class='ocr_line' id='line_1_63' title="bbox 1208 104 2314 161; baseline 0.005 -19"><span class='ocrx_word' id='word_1_461' title='bbox 1208 106 1284 142; x_wconf 84' lang='lat' dir='ltr'>rire</span> <span class='ocrx_word' id='word_1_462' title='bbox 1311 107 1470 144; x_wconf 86' lang='lat' dir='ltr'>omniuo</span> <span class='ocrx_word' id='word_1_463' title='bbox 1498 118 1572 143; x_wconf 88' lang='lat' dir='ltr'>non</span> <span class='ocrx_word' id='word_1_464' title='bbox 1603 105 1741 158; x_wconf 84' lang='lat' dir='ltr'>possit,</span> <span class='ocrx_word' id='word_1_465' title='bbox 1780 112 1820 143; x_wconf 87' lang='lat' dir='ltr'>ut</span> <span class='ocrx_word' id='word_1_466' title='bbox 1847 104 1942 144; x_wconf 88' lang='lat' dir='ltr'>bene</span> <span class='ocrx_word' id='word_1_467' title='bbox 1971 106 2136 146; x_wconf 76' lang='lat' dir='ltr'>advertit</span> <span class='ocrx_word' id='word_1_468' title='bbox 2159 106 2314 161; x_wconf 86' lang='lat' dir='ltr'>Angeli-</span> 
     </span>
     <span class='ocr_line' id='line_1_64' title="bbox 1209 158 1624 197; baseline 0.002 -2"><span class='ocrx_word' id='word_1_469' title='bbox 1209 171 1276 196; x_wconf 86' lang='lat' dir='ltr'>cus</span> <span class='ocrx_word' id='word_1_470' title='bbox 1306 171 1392 197; x_wconf 82' lang='lat' dir='ltr'>mox</span> <span class='ocrx_word' id='word_1_471' title='bbox 1424 158 1624 197; x_wconf 75' lang='lat' dir='ltr'>laudatus.</span> 
     </span>
    </p>

    <p class='ocr_par' dir='ltr' id='par_1_10' title="bbox 1209 212 2318 517">
     <span class='ocr_line' id='line_1_65' title="bbox 1264 212 2317 266; baseline 0.006 -17"><span class='ocrx_word' id='word_1_472' title='bbox 1264 224 1330 265; x_wconf 80' lang='lat'>99.</span> <span class='ocrx_word' id='word_1_473' title='bbox 1360 213 1590 251; x_wconf 80' lang='lat' dir='ltr'>Dominicus</span> <span class='ocrx_word' id='word_1_474' title='bbox 1622 212 1710 251; x_wconf 88' lang='lat' dir='ltr'>Soto</span> <span class='ocrx_word' id='word_1_475' title='bbox 1738 222 1914 265; x_wconf 80' lang='lat' dir='ltr'>quartam</span> <span class='ocrx_word' id='word_1_476' title='bbox 1957 216 2180 266; x_wconf 85' lang='lat' dir='ltr'>opinionem</span> <span class='ocrx_word' id='word_1_477' title='bbox 2211 217 2317 255; x_wconf 74' lang='lat' dir='ltr'>inve-</span> 
     </span>
     <span class='ocr_line' id='line_1_66' title="bbox 1209 267 2312 321; baseline 0.004 -18"><span class='ocrx_word' id='word_1_478' title='bbox 1209 267 1265 303; x_wconf 86' lang='lat' dir='ltr'>nit</span> <span class='ocrx_word' id='word_1_479' title='bbox 1293 268 1332 303; x_wconf 88' lang='lat' dir='ltr'>in</span> <span class='ocrx_word' id='word_1_480' title='bbox 1378 275 1513 318; x_wconf 82' lang='lat' dir='ltr'>quaest.</span> <span class='ocrx_word' id='word_1_481' title='bbox 1547 277 1583 304; x_wconf 73' lang='lat'>2&#39;.</span> <span class='ocrx_word' id='word_1_482' title='bbox 1613 280 1726 318; x_wconf 83' lang='lat' dir='ltr'>super</span> <span class='ocrx_word' id='word_1_483' title='bbox 1755 267 1844 304; x_wconf 81' lang='lat' dir='ltr'>Lib.</span> <span class='ocrx_word' id='word_1_484' title='bbox 1874 267 1978 305; x_wconf 86' lang='lat' dir='ltr'>VIII.</span> <span class='ocrx_word' id='word_1_485' title='bbox 2021 267 2312 321; x_wconf 69' lang='lat' dir='ltr'>Plzysicortmz‚</span> 
     </span>
     <span class='ocr_line' id='line_1_67' title="bbox 1210 319 2317 373; baseline 0.006 -18"><span class='ocrx_word' id='word_1_486' title='bbox 1210 327 1349 370; x_wconf 86' lang='lat' dir='ltr'>putans</span> <span class='ocrx_word' id='word_1_487' title='bbox 1376 319 1472 357; x_wconf 87' lang='lat' dir='ltr'>solas</span> <span class='ocrx_word' id='word_1_488' title='bbox 1500 329 1692 358; x_wconf 86' lang='lat' dir='ltr'>creaturas</span> <span class='ocrx_word' id='word_1_489' title='bbox 1719 319 2031 372; x_wconf 82' lang='lat' dir='ltr'>incorruptibiles</span> <span class='ocrx_word' id='word_1_490' title='bbox 2049 351 2059 369; x_wconf 90' lang='lat'>,</span> <span class='ocrx_word' id='word_1_491' title='bbox 2099 321 2317 373; x_wconf 80' lang='lat' dir='ltr'>cujusmodi</span> 
     </span>
     <span class='ocr_line' id='line_1_68' title="bbox 1210 373 2313 426; baseline 0.005 -17"><span class='ocrx_word' id='word_1_492' title='bbox 1210 379 1298 410; x_wconf 86' lang='lat' dir='ltr'>sunt</span> <span class='ocrx_word' id='word_1_493' title='bbox 1327 373 1461 425; x_wconf 84' lang='lat' dir='ltr'>Angeli</span> <span class='ocrx_word' id='word_1_494' title='bbox 1479 403 1490 422; x_wconf 84' lang='lat'><strong>,</strong></span> <span class='ocrx_word' id='word_1_495' title='bbox 1520 375 1659 412; x_wconf 79' lang='lat' dir='ltr'>animae</span> <span class='ocrx_word' id='word_1_496' title='bbox 1691 373 1917 422; x_wconf 82' lang='lat' dir='ltr'>rationales,</span> <span class='ocrx_word' id='word_1_497' title='bbox 1948 374 1981 410; x_wconf 75' lang='lat'>8&lt;</span> <span class='ocrx_word' id='word_1_498' title='bbox 2010 388 2169 426; x_wconf 82' lang='lat' dir='ltr'>corpora</span> <span class='ocrx_word' id='word_1_499' title='bbox 2196 376 2313 415; x_wconf 86' lang='lat' dir='ltr'>coele-</span> 
     </span>
     <span class='ocr_line' id='line_1_69' title="bbox 1211 427 2318 479; baseline 0.005 -16"><span class='ocrx_word' id='word_1_500' title='bbox 1211 427 1280 463; x_wconf 81' lang='lat' dir='ltr'>stia</span> <span class='ocrx_word' id='word_1_501' title='bbox 1309 440 1386 464; x_wconf 86' lang='lat' dir='ltr'>esse</span> <span class='ocrx_word' id='word_1_502' title='bbox 1428 428 1589 479; x_wconf 78' lang='lat' dir='ltr'>potuisse</span> <span class='ocrx_word' id='word_1_503' title='bbox 1618 428 1668 466; x_wconf 88' lang='lat' dir='ltr'>ab</span> <span class='ocrx_word' id='word_1_504' title='bbox 1710 435 1880 476; x_wconf 81' lang='lat' dir='ltr'>aeterno,</span> <span class='ocrx_word' id='word_1_505' title='bbox 1919 440 1994 466; x_wconf 90' lang='lat' dir='ltr'>non</span> <span class='ocrx_word' id='word_1_506' title='bbox 2024 438 2150 467; x_wconf 87' lang='lat' dir='ltr'>autem</span> <span class='ocrx_word' id='word_1_507' title='bbox 2194 439 2318 469; x_wconf 75' lang='lat' dir='ltr'>cetera</span> 
     </span>
     <span class='ocr_line' id='line_1_70' title="bbox 1212 488 1343 517; baseline -0.008 0"><span class='ocrx_word' id='word_1_508' title='bbox 1212 488 1313 517; x_wconf 82' lang='lat' dir='ltr'>entia</span> <span class='ocrx_word' id='word_1_509' title='bbox 1333 504 1343 516; x_wconf 90' lang='lat'>.</span> 
     </span>
    </p>

    <p class='ocr_par' dir='ltr' id='par_1_11' title="bbox 1212 532 2319 746">
     <span class='ocr_line' id='line_1_71' title="bbox 1269 532 2315 587; baseline 0.004 -16"><span class='ocrx_word' id='word_1_510' title='bbox 1269 542 1358 571; x_wconf 77' lang='lat'>100.</span> <span class='ocrx_word' id='word_1_511' title='bbox 1389 532 1534 580; x_wconf 86' lang='lat' dir='ltr'>Quinto</span> <span class='ocrx_word' id='word_1_512' title='bbox 1562 534 1630 572; x_wconf 80' lang='lat' dir='ltr'>alii</span> <span class='ocrx_word' id='word_1_513' title='bbox 1651 536 1848 583; x_wconf 80' lang='lat' dir='ltr'>dixerunt,</span> <span class='ocrx_word' id='word_1_514' title='bbox 1880 534 2070 572; x_wconf 83' lang='lat' dir='ltr'>muudum</span> <span class='ocrx_word' id='word_1_515' title='bbox 2089 538 2251 587; x_wconf 81' lang='lat' dir='ltr'>potuisse</span> <span class='ocrx_word' id='word_1_516' title='bbox 2266 537 2315 575; x_wconf 86' lang='lat' dir='ltr'>ab</span> 
     </span>
     <span class='ocr_line' id='line_1_72' title="bbox 1212 589 2319 641; baseline 0.005 -17"><span class='ocrx_word' id='word_1_517' title='bbox 1212 595 1353 624; x_wconf 84' lang='lat' dir='ltr'>aeteruo</span> <span class='ocrx_word' id='word_1_518' title='bbox 1381 589 1528 634; x_wconf 83' lang='lat' dir='ltr'>creari,</span> <span class='ocrx_word' id='word_1_519' title='bbox 1571 589 1634 626; x_wconf 77' lang='lat' dir='ltr'>sed</span> <span class='ocrx_word' id='word_1_520' title='bbox 1666 589 1873 626; x_wconf 83' lang='lat' dir='ltr'>immutatis</span> <span class='ocrx_word' id='word_1_521' title='bbox 1915 601 2043 626; x_wconf 89' lang='lat' dir='ltr'>rerum</span> <span class='ocrx_word' id='word_1_522' title='bbox 2076 592 2319 641; x_wconf 85' lang='lat' dir='ltr'>proprietati--</span> 
     </span>
     <span class='ocr_line' id='line_1_73' title="bbox 1213 637 2317 693; baseline 0.004 -14"><span class='ocrx_word' id='word_1_523' title='bbox 1213 639 1312 687; x_wconf 87' lang='lat' dir='ltr'>bus,</span> <span class='ocrx_word' id='word_1_524' title='bbox 1358 637 1392 675; x_wconf 72' lang='lat' dir='ltr'>St</span> <span class='ocrx_word' id='word_1_525' title='bbox 1423 641 1461 677; x_wconf 89' lang='lat' dir='ltr'>in</span> <span class='ocrx_word' id='word_1_526' title='bbox 1492 640 1568 679; x_wconf 86' lang='lat' dir='ltr'>alio</span> <span class='ocrx_word' id='word_1_527' title='bbox 1609 642 1769 690; x_wconf 81' lang='lat' dir='ltr'>ordine,</span> <span class='ocrx_word' id='word_1_528' title='bbox 1812 641 1860 680; x_wconf 81' lang='lat' dir='ltr'>ab</span> <span class='ocrx_word' id='word_1_529' title='bbox 1891 655 1959 690; x_wconf 80' lang='lat' dir='ltr'>eo,</span> <span class='ocrx_word' id='word_1_530' title='bbox 2006 643 2074 693; x_wconf 89' lang='lat' dir='ltr'>qui</span> <span class='ocrx_word' id='word_1_531' title='bbox 2102 654 2207 681; x_wconf 89' lang='lat' dir='ltr'>nunc</span> <span class='ocrx_word' id='word_1_532' title='bbox 2238 654 2317 692; x_wconf 81' lang='lat' dir='ltr'>est,</span> 
     </span>
     <span class='ocr_line' id='line_1_74' title="bbox 1215 693 1754 746; baseline 0.004 -15"><span class='ocrx_word' id='word_1_533' title='bbox 1215 704 1369 746; x_wconf 84' lang='lat' dir='ltr'>prorsus</span> <span class='ocrx_word' id='word_1_534' title='bbox 1398 693 1545 732; x_wconf 84' lang='lat' dir='ltr'>diverso</span> <span class='ocrx_word' id='word_1_535' title='bbox 1562 720 1572 733; x_wconf 88' lang='lat'>.</span> <span class='ocrx_word' id='word_1_536' title='bbox 1752 712 1754 714; x_wconf 95' lang='lat'>·</span> 
     </span>
    </p>

    <p class='ocr_par' dir='ltr' id='par_1_12' title="bbox 1214 745 2325 1228">
     <span class='ocr_line' id='line_1_75' title="bbox 1272 745 2320 798; baseline 0.004 -14"><span class='ocrx_word' id='word_1_537' title='bbox 1272 756 1362 784; x_wconf 70' lang='lat' dir='ltr'>iot.</span> <span class='ocrx_word' id='word_1_538' title='bbox 1392 745 1609 797; x_wconf 84' lang='lat' dir='ltr'>Postrema,</span> <span class='ocrx_word' id='word_1_539' title='bbox 1653 747 1686 785; x_wconf 74' lang='grc' dir='ltr'>δε</span> <span class='ocrx_word' id='word_1_540' title='bbox 1728 749 1968 790; x_wconf 82' lang='lat' dir='ltr'>communior</span> <span class='ocrx_word' id='word_1_541' title='bbox 2014 751 2195 788; x_wconf 84' lang='lat' dir='ltr'>sententia</span> <span class='ocrx_word' id='word_1_542' title='bbox 2238 759 2320 798; x_wconf 70' lang='lat' dir='ltr'>est,</span> 
     </span>
     <span class='ocr_line' id='line_1_76' title="bbox 1215 799 2321 855; baseline 0.003 -17"><span class='ocrx_word' id='word_1_543' title='bbox 1215 799 1485 838; x_wconf 79' lang='lat' dir='ltr'>nihilomnino</span> <span class='ocrx_word' id='word_1_544' title='bbox 1514 803 1677 853; x_wconf 83' lang='lat' dir='ltr'>potuisse</span> <span class='ocrx_word' id='word_1_545' title='bbox 1698 811 1884 840; x_wconf 65' lang='lat' dir='ltr'>aeternum</span> <span class='ocrx_word' id='word_1_546' title='bbox 1914 817 1990 840; x_wconf 86' lang='lat' dir='ltr'>esse</span> <span class='ocrx_word' id='word_1_547' title='bbox 2011 812 2151 855; x_wconf 83' lang='lat' dir='ltr'>praeter</span> <span class='ocrx_word' id='word_1_548' title='bbox 2171 803 2321 842; x_wconf 79' lang='lat' dir='ltr'>Deum.</span> 
     </span>
     <span class='ocr_line' id='line_1_77' title="bbox 1217 853 2319 908; baseline 0.003 -16"><span class='ocrx_word' id='word_1_549' title='bbox 1217 854 1324 892; x_wconf 80' lang='lat' dir='ltr'>Hanc</span> <span class='ocrx_word' id='word_1_550' title='bbox 1353 855 1576 892; x_wconf 86' lang='lat' dir='ltr'>sententiam</span> <span class='ocrx_word' id='word_1_551' title='bbox 1605 856 1801 908; x_wconf 79' lang='lat' dir='ltr'>adoptasse</span> <span class='ocrx_word' id='word_1_552' title='bbox 1830 856 1944 894; x_wconf 83' lang='lat' dir='ltr'>etiam</span> <span class='ocrx_word' id='word_1_553' title='bbox 1962 858 2139 895; x_wconf 77' lang='lat' dir='ltr'>videntur</span> <span class='ocrx_word' id='word_1_554' title='bbox 2157 853 2319 896; x_wconf 82' lang='lat' dir='ltr'>nonutil-</span> 
     </span>
     <span class='ocr_line' id='line_1_78' title="bbox 1214 906 2322 962; baseline 0.005 -18"><span class='ocrx_word' id='word_1_555' title='bbox 1214 907 1244 945; x_wconf 89' lang='lat' dir='ltr'>li</span> <span class='ocrx_word' id='word_1_556' title='bbox 1275 906 1458 946; x_wconf 77' lang='lat' dir='ltr'>Ecclesiae</span> <span class='ocrx_word' id='word_1_557' title='bbox 1490 906 1614 945; x_wconf 79' lang='lat' dir='ltr'>Patres</span> <span class='ocrx_word' id='word_1_558' title='bbox 1643 909 1742 947; x_wconf 82' lang='lat' dir='ltr'>Saec.</span> <span class='ocrx_word' id='word_1_559' title='bbox 1773 908 1842 947; x_wconf 87' lang='lat' dir='ltr'>IV.</span> <span class='ocrx_word' id='word_1_560' title='bbox 1863 911 1972 962; x_wconf 49' lang='lat' dir='ltr'>„qui</span> <span class='ocrx_word' id='word_1_561' title='bbox 2001 919 2131 949; x_wconf 87' lang='lat' dir='ltr'>contra</span> <span class='ocrx_word' id='word_1_562' title='bbox 2160 911 2322 950; x_wconf 86' lang='lat' dir='ltr'>Arianos</span> 
     </span>
     <span class='ocr_line' id='line_1_79' title="bbox 1214 960 2321 1014; baseline 0.004 -16"><span class='ocrx_word' id='word_1_563' title='bbox 1214 960 1457 1014; x_wconf 82' lang='lat' dir='ltr'>probabant,</span> <span class='ocrx_word' id='word_1_564' title='bbox 1489 960 1664 1000; x_wconf 77' lang='lat' dir='ltr'>Verbum</span> <span class='ocrx_word' id='word_1_565' title='bbox 1693 977 1769 1000; x_wconf 86' lang='lat' dir='ltr'>esse</span> <span class='ocrx_word' id='word_1_566' title='bbox 1799 976 1933 1001; x_wconf 86' lang='lat' dir='ltr'>verum</span> <span class='ocrx_word' id='word_1_567' title='bbox 1951 963 2077 1002; x_wconf 87' lang='lat' dir='ltr'>Deum</span> <span class='ocrx_word' id='word_1_568' title='bbox 2105 963 2206 1002; x_wconf 86' lang='lat' dir='ltr'>Patri</span> <span class='ocrx_word' id='word_1_569' title='bbox 2235 978 2321 1002; x_wconf 85' lang='lat' dir='ltr'>eon-</span> 
     </span>
     <span class='ocr_line' id='line_1_80' title="bbox 1215 1014 2322 1071; baseline 0.005 -19"><span class='ocrx_word' id='word_1_570' title='bbox 1215 1014 1502 1053; x_wconf 83' lang='lat' dir='ltr'>substantialem</span> <span class='ocrx_word' id='word_1_571' title='bbox 1521 1046 1531 1064; x_wconf 82' lang='lat'>‚</span> <span class='ocrx_word' id='word_1_572' title='bbox 1561 1017 1652 1066; x_wconf 82' lang='lat' dir='ltr'>quia</span> <span class='ocrx_word' id='word_1_573' title='bbox 1681 1030 1829 1068; x_wconf 87' lang='lat' dir='ltr'>semper</span> <span class='ocrx_word' id='word_1_574' title='bbox 1859 1017 1954 1055; x_wconf 83' lang='lat' dir='ltr'>fuit.</span> <span class='ocrx_word' id='word_1_575' title='bbox 1985 1017 2094 1056; x_wconf 86' lang='lat' dir='ltr'>Unde</span> <span class='ocrx_word' id='word_1_576' title='bbox 2115 1018 2229 1055; x_wconf 88' lang='lat' dir='ltr'>etiam</span> <span class='ocrx_word' id='word_1_577' title='bbox 2250 1018 2322 1071; x_wconf 84' lang='lat' dir='ltr'>Sy-</span> 
     </span>
     <span class='ocr_line' id='line_1_81' title="bbox 1214 1068 2313 1123; baseline 0.004 -18"><span class='ocrx_word' id='word_1_578' title='bbox 1214 1069 1332 1106; x_wconf 83' lang='lat' dir='ltr'>nodus</span> <span class='ocrx_word' id='word_1_579' title='bbox 1361 1068 1525 1107; x_wconf 79' lang='lat' dir='ltr'>Nicaena</span> <span class='ocrx_word' id='word_1_580' title='bbox 1554 1070 1606 1106; x_wconf 78' lang='lat' dir='ltr'>ita</span> <span class='ocrx_word' id='word_1_581' title='bbox 1635 1079 1765 1107; x_wconf 84' lang='lat' dir='ltr'>contra</span> <span class='ocrx_word' id='word_1_582' title='bbox 1787 1070 1945 1107; x_wconf 75' lang='lat' dir='ltr'>Arianos</span> <span class='ocrx_word' id='word_1_583' title='bbox 1966 1070 2190 1123; x_wconf 79' lang='lat' dir='ltr'>colligebat:</span> <span class='ocrx_word' id='word_1_584' title='bbox 2227 1071 2313 1122; x_wconf 77' lang='lat' dir='ltr'>Qui·</span> 
     </span>
     <span class='ocr_line' id='line_1_82' title="bbox 1214 1121 2325 1175; baseline 0.003 -17"><span class='ocrx_word' id='word_1_585' title='bbox 1214 1134 1382 1173; x_wconf 75' lang='lat' dir='ltr'>cumque</span> <span class='ocrx_word' id='word_1_586' title='bbox 1411 1121 1529 1170; x_wconf 79' lang='lat' dir='ltr'>dicit,</span> <span class='ocrx_word' id='word_1_587' title='bbox 1560 1121 1704 1161; x_wconf 73' lang='lat' dir='ltr'>Filium</span> <span class='ocrx_word' id='word_1_588' title='bbox 1724 1135 1810 1161; x_wconf 78' lang='lat' dir='ltr'>esse</span> <span class='ocrx_word' id='word_1_589' title='bbox 1830 1133 2064 1163; x_wconf 75' lang='lat' dir='ltr'>creaturam</span> <span class='ocrx_word' id='word_1_590' title='bbox 2079 1155 2091 1175; x_wconf 79' lang='lat'>,</span> <span class='ocrx_word' id='word_1_591' title='bbox 2117 1124 2213 1162; x_wconf 33' lang='lat' dir='ltr'>‘dicit</span> <span class='ocrx_word' id='word_1_592' title='bbox 2234 1138 2325 1162; x_wconf 78' lang='lat' dir='ltr'>eum</span> 
     </span>
     <span class='ocr_line' id='line_1_83' title="bbox 1214 1175 1722 1228; baseline 0.002 -15"><span class='ocrx_word' id='word_1_593' title='bbox 1214 1180 1379 1228; x_wconf 69' lang='lat' dir='ltr'>coepisse</span> <span class='ocrx_word' id='word_1_594' title='bbox 1410 1175 1465 1226; x_wconf 76' lang='lat' dir='ltr'>(b)</span> <span class='ocrx_word' id='word_1_595' title='bbox 1483 1203 1493 1214; x_wconf 93' lang='lat'>.</span> <span class='ocrx_word' id='word_1_596' title='bbox 1716 1223 1722 1226; x_wconf 20' lang='grc' dir='ltr'><em>γ</em></span> 
     </span>
    </p>

    <p class='ocr_par' dir='ltr' id='par_1_13' title="bbox 1213 1228 2328 1761">
     <span class='ocr_line' id='line_1_84' title="bbox 1275 1228 2325 1283; baseline 0.005 -17"><span class='ocrx_word' id='word_1_597' title='bbox 1275 1243 1360 1268; x_wconf 77' lang='lat'>102.</span> <span class='ocrx_word' id='word_1_598' title='bbox 1391 1229 1433 1268; x_wconf 86' lang='lat' dir='ltr'>S.</span> <span class='ocrx_word' id='word_1_599' title='bbox 1463 1228 1632 1268; x_wconf 79' lang='lat' dir='ltr'>Thomas</span> <span class='ocrx_word' id='word_1_600' title='bbox 1662 1230 1690 1269; x_wconf 86' lang='lat' dir='ltr'>l.</span> <span class='ocrx_word' id='word_1_601' title='bbox 1713 1229 1754 1269; x_wconf 89' lang='lat' dir='ltr'>P.</span> <span class='ocrx_word' id='word_1_602' title='bbox 1784 1240 1918 1283; x_wconf 86' lang='lat' dir='ltr'>quaest.</span> <span class='ocrx_word' id='word_1_603' title='bbox 1951 1231 2016 1277; x_wconf 71' lang='lat'>46.</span> <span class='ocrx_word' id='word_1_604' title='bbox 2045 1241 2115 1270; x_wconf 84' lang='lat' dir='ltr'>art.</span> <span class='ocrx_word' id='word_1_605' title='bbox 2152 1245 2183 1270; x_wconf 75' lang='grc' dir='ltr'><strong>ι.</strong></span> <span class='ocrx_word' id='word_1_606' title='bbox 2227 1231 2325 1271; x_wconf 68' lang='lat' dir='ltr'>hano</span> 
     </span>
     <span class='ocr_line' id='line_1_85' title="bbox 1216 1284 2310 1336; baseline 0.003 -16"><span class='ocrx_word' id='word_1_607' title='bbox 1216 1284 1467 1336; x_wconf 75' lang='lat' dir='ltr'>quaestionem</span> <span class='ocrx_word' id='word_1_608' title='bbox 1500 1285 1548 1322; x_wconf 83' lang='lat' dir='ltr'>ita</span> <span class='ocrx_word' id='word_1_609' title='bbox 1577 1284 1748 1321; x_wconf 86' lang='lat' dir='ltr'>absolute</span> <span class='ocrx_word' id='word_1_610' title='bbox 1778 1285 1953 1323; x_wconf 82' lang='lat' dir='ltr'>resolvit:</span> <span class='ocrx_word' id='word_1_611' title='bbox 1986 1284 2241 1335; x_wconf 59' lang='lat' dir='ltr'>Respondet),</span> <span class='ocrx_word' id='word_1_612' title='bbox 2267 1285 2310 1323; x_wconf 56' lang='lat' dir='ltr'>-cta</span> 
     </span>
     <span class='ocr_line' id='line_1_86' title="bbox 1213 1336 2322 1390; baseline 0.003 -16"><span class='ocrx_word' id='word_1_613' title='bbox 1213 1337 1408 1385; x_wconf 74' lang='lat' dir='ltr'>cendum,</span> <span class='ocrx_word' id='word_1_614' title='bbox 1439 1336 1541 1387; x_wconf 72' lang='lat' dir='ltr'>quod</span> <span class='ocrx_word' id='word_1_615' title='bbox 1569 1336 1665 1375; x_wconf 73' lang='lat' dir='ltr'>nihil</span> <span class='ocrx_word' id='word_1_616' title='bbox 1692 1345 1818 1388; x_wconf 80' lang='lat' dir='ltr'>potest</span> <span class='ocrx_word' id='word_1_617' title='bbox 1846 1347 1992 1390; x_wconf 77' lang='lat' dir='ltr'>praeter</span> <span class='ocrx_word' id='word_1_618' title='bbox 2022 1336 2158 1375; x_wconf 78' lang='lat' dir='ltr'>Deum</span> <span class='ocrx_word' id='word_1_619' title='bbox 2187 1338 2237 1375; x_wconf 73' lang='lat' dir='ltr'>ab</span> <span class='ocrx_word' id='word_1_620' title='bbox 2267 1353 2322 1377; x_wconf 78' lang='lat' dir='ltr'>oe·-</span> 
     </span>
     <span class='ocr_line' id='line_1_87' title="bbox 1215 1388 2315 1443; baseline 0.002 -16"><span class='ocrx_word' id='word_1_621' title='bbox 1215 1390 1478 1442; x_wconf 64' lang='lat' dir='ltr'>ternofnisve</span> <span class='ocrx_word' id='word_1_622' title='bbox 1509 1391 1599 1442; x_wconf 84' lang='lat' dir='ltr'>(c)‚·</span> <span class='ocrx_word' id='word_1_623' title='bbox 1642 1391 1784 1443; x_wconf 83' lang='lat' dir='ltr'>quibus</span> <span class='ocrx_word' id='word_1_624' title='bbox 1815 1388 1941 1429; x_wconf 81' lang='lat' dir='ltr'>verbis</span> <span class='ocrx_word' id='word_1_625' title='bbox 1968 1392 2106 1429; x_wconf 84' lang='lat' dir='ltr'>&#39;mundi</span> <span class='ocrx_word' id='word_1_626' title='bbox 2136 1395 2315 1430; x_wconf 65' lang='lat' dir='ltr'>aeternita</span> 
     </span>
     <span class='ocr_line' id='line_1_88' title="bbox 1216 1443 2325 1497; baseline 0.002 -16"><span class='ocrx_word' id='word_1_627' title='bbox 1216 1453 1292 1482; x_wconf 80' lang='lat' dir='ltr'>tem</span> <span class='ocrx_word' id='word_1_628' title='bbox 1323 1443 1546 1496; x_wconf 73' lang='lat' dir='ltr'>possibile-m</span> <span class='ocrx_word' id='word_1_629' title='bbox 1577 1458 1651 1482; x_wconf 79' lang='lat' dir='ltr'>esse</span> <span class='ocrx_word' id='word_1_630' title='bbox 1671 1473 1681 1493; x_wconf 86' lang='lat'>,</span> <span class='ocrx_word' id='word_1_631' title='bbox 1725 1446 1962 1497; x_wconf 79' lang='lat' dir='ltr'>apertissime</span> <span class='ocrx_word' id='word_1_632' title='bbox 1993 1453 2175 1495; x_wconf 80' lang='lat' dir='ltr'>negatur.</span> <span class='ocrx_word' id='word_1_633' title='bbox 2227 1444 2325 1483; x_wconf 70' lang='lat' dir='ltr'>Hine</span> 
     </span>
     <span class='ocr_line' id='line_1_89' title="bbox 1217 1497 2328 1551; baseline 0 -15"><span class='ocrx_word' id='word_1_634' title='bbox 1217 1497 1370 1546; x_wconf 83' lang='lat' dir='ltr'>Estius‚</span> <span class='ocrx_word' id='word_1_635' title='bbox 1415 1497 1449 1534; x_wconf 89' lang='lat'>&amp;</span> <span class='ocrx_word' id='word_1_636' title='bbox 1478 1497 1636 1551; x_wconf 86' lang='lat' dir='ltr'>Sylvius</span> <span class='ocrx_word' id='word_1_637' title='bbox 1668 1498 1905 1548; x_wconf 16' lang='lat' dir='ltr'>&gt;nobilissimi</span> <span class='ocrx_word' id='word_1_638' title='bbox 1934 1499 1976 1537; x_wconf 82' lang='lat' dir='ltr'>S.</span> <span class='ocrx_word' id='word_1_639' title='bbox 2006 1498 2168 1536; x_wconf 80' lang='lat' dir='ltr'>Thomae</span> <span class='ocrx_word' id='word_1_640' title='bbox 2215 1503 2328 1537; x_wconf 69' lang='lat' dir='ltr'>uite:-</span> 
     </span>
     <span class='ocr_line' id='line_1_90' title="bbox 1216 1549 2324 1605; baseline 0.003 -17"><span class='ocrx_word' id='word_1_641' title='bbox 1216 1561 1335 1603; x_wconf 83' lang='lat' dir='ltr'>pretes</span> <span class='ocrx_word' id='word_1_642' title='bbox 1365 1549 1575 1602; x_wconf 78' lang='lat' dir='ltr'>eolligunt,</span> <span class='ocrx_word' id='word_1_643' title='bbox 1605 1551 1645 1589; x_wconf 91' lang='lat' dir='ltr'>S.</span> <span class='ocrx_word' id='word_1_644' title='bbox 1668 1551 1872 1589; x_wconf 82' lang='lat' dir='ltr'>Doctorem</span> <span class='ocrx_word' id='word_1_645' title='bbox 1903 1566 1945 1590; x_wconf 69' lang='lat' dir='ltr'>ea</span> <span class='ocrx_word' id='word_1_646' title='bbox 1961 1558 2177 1590; x_wconf 78' lang='lat' dir='ltr'>retractasse</span> <span class='ocrx_word' id='word_1_647' title='bbox 2196 1583 2205 1599; x_wconf 69' lang='grc'>,</span> <span class='ocrx_word' id='word_1_648' title='bbox 2235 1567 2324 1605; x_wconf 81' lang='lat' dir='ltr'>quae</span> 
     </span>
     <span class='ocr_line' id='line_1_91' title="bbox 1215 1602 2321 1657; baseline 0.003 -15"><span class='ocrx_word' id='word_1_649' title='bbox 1215 1606 1261 1642; x_wconf 91' lang='lat' dir='ltr'>de</span> <span class='ocrx_word' id='word_1_650' title='bbox 1291 1604 1465 1656; x_wconf 80' lang='lat' dir='ltr'>possibili</span> <span class='ocrx_word' id='word_1_651' title='bbox 1494 1605 1626 1642; x_wconf 83' lang='lat' dir='ltr'>mundi</span> <span class='ocrx_word' id='word_1_652' title='bbox 1658 1602 1867 1643; x_wconf 68' lang='lat' dir='ltr'>aeternitate</span> <span class='ocrx_word' id='word_1_653' title='bbox 1897 1604 2025 1657; x_wconf 73' lang='lat' dir='ltr'>junior</span> <span class='ocrx_word' id='word_1_654' title='bbox 2040 1606 2218 1644; x_wconf 83' lang='lat' dir='ltr'>docuerat</span> <span class='ocrx_word' id='word_1_655' title='bbox 2238 1616 2321 1645; x_wconf 84' lang='lat' dir='ltr'>tum</span> 
     </span>
     <span class='ocr_line' id='line_1_92' title="bbox 1215 1657 2323 1713; baseline 0.002 -17"><span class='ocrx_word' id='word_1_656' title='bbox 1215 1660 1255 1696; x_wconf 86' lang='lat' dir='ltr'>in</span> <span class='ocrx_word' id='word_1_657' title='bbox 1284 1657 1470 1710; x_wconf 71' lang='lat' dir='ltr'>opusculo</span> <span class='ocrx_word' id='word_1_658' title='bbox 1499 1658 1547 1696; x_wconf 78' lang='lat' dir='ltr'>cle</span> <span class='ocrx_word' id='word_1_659' title='bbox 1575 1662 1802 1697; x_wconf 65' lang='lat' dir='ltr'>aeternitate</span> <span class='ocrx_word' id='word_1_660' title='bbox 1832 1659 1997 1708; x_wconf 30' lang='lat' dir='ltr'>mnndi&amp;</span> <span class='ocrx_word' id='word_1_661' title='bbox 2036 1668 2116 1699; x_wconf 77' lang='lat' dir='ltr'>tum</span> <span class='ocrx_word' id='word_1_662' title='bbox 2148 1661 2187 1698; x_wconf 86' lang='lat' dir='ltr'>in</span> <span class='ocrx_word' id='word_1_663' title='bbox 2216 1675 2256 1713; x_wconf 83' lang='lat' dir='ltr'>q.</span> <span class='ocrx_word' id='word_1_664' title='bbox 2288 1660 2323 1700; x_wconf 79' lang='lat'>3.</span> 
     </span>
     <span class='ocr_line' id='line_1_93' title="bbox 1217 1710 2038 1761; baseline 0.005 -13"><span class='ocrx_word' id='word_1_665' title='bbox 1217 1710 1265 1749; x_wconf 78' lang='lat' dir='ltr'>de</span> <span class='ocrx_word' id='word_1_666' title='bbox 1292 1715 1474 1761; x_wconf 75' lang='lat' dir='ltr'>potentia</span> <span class='ocrx_word' id='word_1_667' title='bbox 1504 1721 1574 1750; x_wconf 82' lang='lat' dir='ltr'>art.</span> <span class='ocrx_word' id='word_1_668' title='bbox 1609 1711 1670 1758; x_wconf 73' lang='grc'>14.</span> <span class='ocrx_word' id='word_1_669' title='bbox 2034 1732 2038 1736; x_wconf 78' lang='grc'><em>·</em></span> 
     </span>
    </p>

    <p class='ocr_par' dir='ltr' id='par_1_14' title="bbox 1275 1762 1943 1816">
     <span class='ocr_line' id='line_1_94' title="bbox 1275 1762 1943 1816; baseline 0.003 -14"><span class='ocrx_word' id='word_1_670' title='bbox 1275 1765 1363 1804; x_wconf 81' lang='lat'>105.</span> <span class='ocrx_word' id='word_1_671' title='bbox 1392 1762 1552 1804; x_wconf 81' lang='lat' dir='ltr'>Obstare</span> <span class='ocrx_word' id='word_1_672' title='bbox 1591 1772 1720 1804; x_wconf 85' lang='lat' dir='ltr'>&#39;tamen</span> <span class='ocrx_word' id='word_1_673' title='bbox 1763 1766 1943 1816; x_wconf 79' lang='lat' dir='ltr'>videtur,</span> 
     </span>
    </p>
   </div>
   <div class='ocr_carea' id='block_1_5' title="bbox 1216 1767 2328 1870">
    <p class='ocr_par' dir='ltr' id='par_1_15' title="bbox 1216 1767 2328 1870">
     <span class='ocr_line' id='line_1_95' title="bbox 2027 1767 2328 1806; baseline 0.003 -2"><span class='ocrx_word' id='word_1_674' title='bbox 2027 1767 2100 1805; x_wconf 73' lang='lat' dir='ltr'>uod</span> <span class='ocrx_word' id='word_1_675' title='bbox 2149 1768 2259 1806; x_wconf 80' lang='lat' dir='ltr'>attic.</span> <span class='ocrx_word' id='word_1_676' title='bbox 2291 1781 2328 1806; x_wconf 76' lang='lat'>2.</span> 
     </span>
     <span class='ocr_line' id='line_1_96' title="bbox 1216 1781 2030 1870; baseline 0.004 -16"><span class='ocrx_word' id='word_1_677' title='bbox 1216 1816 1319 1855; x_wconf 77' lang='lat' dir='ltr'>laud.</span> <span class='ocrx_word' id='word_1_678' title='bbox 1349 1831 1389 1869; x_wconf 77' lang='lat' dir='ltr'>q.</span> <span class='ocrx_word' id='word_1_679' title='bbox 1419 1818 1485 1863; x_wconf 72' lang='lat'>46.</span> <span class='ocrx_word' id='word_1_680' title='bbox 1516 1828 1646 1870; x_wconf 84' lang='lat' dir='ltr'>aperte</span> <span class='ocrx_word' id='word_1_681' title='bbox 1688 1819 1817 1866; x_wconf 77' lang='lat' dir='ltr'>dicat,</span> <span class='ocrx_word' id='word_1_682' title='bbox 1998 1781 2030 1857; x_wconf 62' lang='lat' dir='ltr'>1l»</span> 
     </span>
    </p>
   </div>
   <div class='ocr_carea' id='block_1_6' title="bbox 1214 1820 2332 2552">
    <p class='ocr_par' dir='ltr' id='par_1_16' title="bbox 1215 1820 2330 2081">
     <span class='ocr_line' id='line_1_97' title="bbox 1862 1820 2330 1870; baseline 0.004 -15"><span class='ocrx_word' id='word_1_683' title='bbox 1862 1820 1896 1855; x_wconf 85' lang='lat'>&amp;</span> <span class='ocrx_word' id='word_1_684' title='bbox 1932 1829 2003 1870; x_wconf 83' lang='lat' dir='ltr'>pro</span> <span class='ocrx_word' id='word_1_685' title='bbox 2035 1829 2089 1868; x_wconf 79' lang='lat' dir='ltr'>et,</span> <span class='ocrx_word' id='word_1_686' title='bbox 2134 1820 2330 1858; x_wconf 73' lang='lat' dir='ltr'>mundum</span> 
     </span>
     <span class='ocr_line' id='line_1_98' title="bbox 1216 1870 2327 1920; baseline 0.005 -14"><span class='ocrx_word' id='word_1_687' title='bbox 1216 1874 1432 1920; x_wconf 79' lang='lat' dir='ltr'>incepisse,</span> <span class='ocrx_word' id='word_1_688' title='bbox 1463 1882 1549 1907; x_wconf 81' lang='lat' dir='ltr'>esse</span> <span class='ocrx_word' id='word_1_689' title='bbox 1577 1878 1738 1907; x_wconf 81' lang='lat' dir='ltr'>tantum</span> <span class='ocrx_word' id='word_1_690' title='bbox 1759 1870 1942 1908; x_wconf 66' lang='lat' dir='ltr'>credibile</span> <span class='ocrx_word' id='word_1_691' title='bbox 1960 1901 1970 1919; x_wconf 85' lang='lat'>,</span> <span class='ocrx_word' id='word_1_692' title='bbox 2000 1884 2082 1909; x_wconf 82' lang='lat' dir='ltr'>non</span> <span class='ocrx_word' id='word_1_693' title='bbox 2101 1882 2240 1911; x_wconf 81' lang='lat' dir='ltr'>autem</span> <span class='ocrx_word' id='word_1_694' title='bbox 2261 1872 2327 1912; x_wconf 74' lang='lat' dir='ltr'>de-</span> 
     </span>
     <span class='ocr_line' id='line_1_99' title="bbox 1215 1921 2330 1971; baseline 0.004 -11"><span class='ocrx_word' id='word_1_695' title='bbox 1215 1921 1473 1960; x_wconf 75' lang='lat' dir='ltr'>monstrabile</span> <span class='ocrx_word' id='word_1_696' title='bbox 1491 1953 1502 1971; x_wconf 87' lang='lat'>‚</span> <span class='ocrx_word' id='word_1_697' title='bbox 1533 1923 1590 1961; x_wconf 65' lang='lat' dir='ltr'>vel</span> <span class='ocrx_word' id='word_1_698' title='bbox 1618 1922 1773 1966; x_wconf 33' lang='lat' dir='ltr'>scibile&amp;</span> <span class='ocrx_word' id='word_1_699' title='bbox 1805 1924 1887 1961; x_wconf 90' lang='lat' dir='ltr'>Imo</span> <span class='ocrx_word' id='word_1_700' title='bbox 1915 1925 2079 1964; x_wconf 83' lang='lat' dir='ltr'>rationes</span> <span class='ocrx_word' id='word_1_701' title='bbox 2109 1926 2330 1965; x_wconf 87' lang='lat' dir='ltr'>eorumsol-</span> 
     </span>
     <span class='ocr_line' id='line_1_100' title="bbox 1215 1977 2327 2032; baseline 0.004 -18"><span class='ocrx_word' id='word_1_702' title='bbox 1215 1978 1271 2015; x_wconf 88' lang='lat' dir='ltr'>vit</span> <span class='ocrx_word' id='word_1_703' title='bbox 1294 2002 1304 2025; x_wconf 77' lang='lat'>,</span> <span class='ocrx_word' id='word_1_704' title='bbox 1335 1977 1404 2028; x_wconf 80' lang='lat' dir='ltr'>qui</span> <span class='ocrx_word' id='word_1_705' title='bbox 1426 1977 1602 2015; x_wconf 88' lang='lat' dir='ltr'>evincere</span> <span class='ocrx_word' id='word_1_706' title='bbox 1632 1977 1703 2015; x_wconf 83' lang='lat' dir='ltr'>nisi</span> <span class='ocrx_word' id='word_1_707' title='bbox 1731 1986 1843 2026; x_wconf 85' lang='lat' dir='ltr'>sunt,</span> <span class='ocrx_word' id='word_1_708' title='bbox 1872 1978 2060 2016; x_wconf 50' lang='lat' dir='ltr'>*mundum</span> <span class='ocrx_word' id='word_1_709' title='bbox 2080 1992 2154 2018; x_wconf 89' lang='lat' dir='ltr'>non</span> <span class='ocrx_word' id='word_1_710' title='bbox 2184 1980 2327 2032; x_wconf 80' lang='lat' dir='ltr'>pomis-</span> 
     </span>
     <span class='ocr_line' id='line_1_101' title="bbox 1217 2029 2130 2081; baseline -0.001 -13"><span class='ocrx_word' id='word_1_711' title='bbox 1217 2043 1257 2068; x_wconf 89' lang='lat' dir='ltr'>se</span> <span class='ocrx_word' id='word_1_712' title='bbox 1285 2029 1334 2067; x_wconf 84' lang='lat' dir='ltr'>ab</span> <span class='ocrx_word' id='word_1_713' title='bbox 1365 2034 1511 2066; x_wconf 80' lang='lat' dir='ltr'>ae&#39;terno</span> <span class='ocrx_word' id='word_1_714' title='bbox 1539 2029 1662 2067; x_wconf 86' lang='lat' dir='ltr'>creari</span> <span class='ocrx_word' id='word_1_715' title='bbox 1679 2055 1690 2067; x_wconf 93' lang='lat'>.</span> <span class='ocrx_word' id='word_1_716' title='bbox 1970 2075 1977 2078; x_wconf 10' lang='grc' dir='ltr'><em>ἡ</em></span> <span class='ocrx_word' id='word_1_717' title='bbox 2127 2079 2130 2081; x_wconf 23' lang='lat'><strong><em>¹</em></strong></span> 
     </span>
    </p>

    <p class='ocr_par' dir='ltr' id='par_1_17' title="bbox 1214 2082 2332 2552">
     <span class='ocr_line' id='line_1_102' title="bbox 1279 2082 2331 2138; baseline 0.004 -18"><span class='ocrx_word' id='word_1_718' title='bbox 1279 2082 1365 2128; x_wconf 66' lang='lat'>104.</span> <span class='ocrx_word' id='word_1_719' title='bbox 1397 2082 1604 2121; x_wconf 80' lang='lat' dir='ltr'>Memorati</span> <span class='ocrx_word' id='word_1_720' title='bbox 1639 2089 1730 2120; x_wconf 84' lang='lat' dir='ltr'>&#39;mox</span> <span class='ocrx_word' id='word_1_721' title='bbox 1761 2082 1914 2132; x_wconf 83' lang='lat' dir='ltr'>Estius,</span> <span class='ocrx_word' id='word_1_722' title='bbox 1964 2083 1998 2120; x_wconf 83' lang='lat' dir='ltr'>8t</span> <span class='ocrx_word' id='word_1_723' title='bbox 2027 2083 2185 2137; x_wconf 86' lang='lat' dir='ltr'>Sylvius</span> <span class='ocrx_word' id='word_1_724' title='bbox 2221 2095 2331 2138; x_wconf 86' lang='lat' dir='ltr'>puta-</span> 
     </span>
     <span class='ocr_line' id='line_1_103' title="bbox 1217 2136 2330 2191; baseline 0.004 -18"><span class='ocrx_word' id='word_1_725' title='bbox 1217 2145 1333 2185; x_wconf 79' lang='lat' dir='ltr'>runt,</span> <span class='ocrx_word' id='word_1_726' title='bbox 1377 2136 1433 2173; x_wconf 87' lang='lat' dir='ltr'>ibi</span> <span class='ocrx_word' id='word_1_727' title='bbox 1463 2136 1504 2174; x_wconf 88' lang='lat' dir='ltr'>S.</span> <span class='ocrx_word' id='word_1_728' title='bbox 1534 2136 1737 2175; x_wconf 87' lang='lat' dir='ltr'>Doctorem</span> <span class='ocrx_word' id='word_1_729' title='bbox 1768 2142 1981 2189; x_wconf 70' lang='lat' dir='ltr'>exponere,</span> <span class='ocrx_word' id='word_1_730' title='bbox 2026 2151 2096 2176; x_wconf 87' lang='lat' dir='ltr'>non</span> <span class='ocrx_word' id='word_1_731' title='bbox 2127 2148 2204 2177; x_wconf 89' lang='lat' dir='ltr'>tam</span> <span class='ocrx_word' id='word_1_732' title='bbox 2234 2141 2330 2191; x_wconf 86' lang='lat' dir='ltr'>quid</span> 
     </span>
     <span class='ocr_line' id='line_1_104' title="bbox 1215 2188 2329 2243; baseline 0.003 -16"><span class='ocrx_word' id='word_1_733' title='bbox 1215 2188 1325 2241; x_wconf 73' lang='lat' dir='ltr'>ipse,</span> <span class='ocrx_word' id='word_1_734' title='bbox 1354 2204 1472 2242; x_wconf 87' lang='lat' dir='ltr'>quam</span> <span class='ocrx_word' id='word_1_735' title='bbox 1502 2190 1597 2242; x_wconf 87' lang='lat' dir='ltr'>quid</span> <span class='ocrx_word' id='word_1_736' title='bbox 1625 2189 1693 2228; x_wconf 86' lang='lat' dir='ltr'>alii</span> <span class='ocrx_word' id='word_1_737' title='bbox 1722 2190 1768 2227; x_wconf 89' lang='lat' dir='ltr'>de</span> <span class='ocrx_word' id='word_1_738' title='bbox 1785 2188 1859 2229; x_wconf 86' lang='lat' dir='ltr'>hoc</span> <span class='ocrx_word' id='word_1_739' title='bbox 1888 2191 2126 2243; x_wconf 81' lang='lat' dir='ltr'>problemate</span> <span class='ocrx_word' id='word_1_740' title='bbox 2146 2195 2329 2242; x_wconf 74' lang='lat' dir='ltr'>sentiant,</span> 
     </span>
     <span class='ocr_line' id='line_1_105' title="bbox 1217 2244 2332 2296; baseline 0.004 -16"><span class='ocrx_word' id='word_1_741' title='bbox 1217 2245 1415 2295; x_wconf 85' lang='lat' dir='ltr'>praecipue</span> <span class='ocrx_word' id='word_1_742' title='bbox 1443 2257 1533 2281; x_wconf 90' lang='lat' dir='ltr'>cum</span> <span class='ocrx_word' id='word_1_743' title='bbox 1563 2251 1701 2296; x_wconf 82' lang='lat' dir='ltr'>quaest.</span> <span class='ocrx_word' id='word_1_744' title='bbox 1731 2244 1961 2296; x_wconf 82' lang='lat' dir='ltr'>praecedenti</span> <span class='ocrx_word' id='word_1_745' title='bbox 1991 2253 2063 2283; x_wconf 86' lang='lat' dir='ltr'>art.</span> <span class='ocrx_word' id='word_1_746' title='bbox 2084 2246 2122 2285; x_wconf 81' lang='lat'>5.</span> <span class='ocrx_word' id='word_1_747' title='bbox 2139 2246 2186 2284; x_wconf 86' lang='lat' dir='ltr'>ad</span> <span class='ocrx_word' id='word_1_748' title='bbox 2207 2247 2245 2284; x_wconf 83' lang='lat'>5.</span> <span class='ocrx_word' id='word_1_749' title='bbox 2267 2260 2332 2284; x_wconf 85' lang='lat' dir='ltr'>ex-</span> 
     </span>
     <span class='ocr_line' id='line_1_106' title="bbox 1217 2298 2331 2350; baseline 0.004 -16"><span class='ocrx_word' id='word_1_750' title='bbox 1217 2310 1342 2349; x_wconf 86' lang='lat' dir='ltr'>presse</span> <span class='ocrx_word' id='word_1_751' title='bbox 1370 2298 1469 2336; x_wconf 85' lang='lat' dir='ltr'>dicat</span> <span class='ocrx_word' id='word_1_752' title='bbox 1495 2327 1505 2345; x_wconf 83' lang='lat'><em>‚</em></span> <span class='ocrx_word' id='word_1_753' title='bbox 1548 2298 1780 2335; x_wconf 87' lang='lat' dir='ltr'>creationem</span> <span class='ocrx_word' id='word_1_754' title='bbox 1823 2299 2033 2350; x_wconf 85' lang='lat' dir='ltr'>importare</span> <span class='ocrx_word' id='word_1_755' title='bbox 2061 2298 2331 2338; x_wconf 83' lang='lat' dir='ltr'>habitudinem</span> 
     </span>
     <span class='ocr_line' id='line_1_107' title="bbox 1219 2351 2331 2404; baseline 0.004 -17"><span class='ocrx_word' id='word_1_756' title='bbox 1219 2360 1404 2388; x_wconf 71' lang='lat' dir='ltr'>creaturae</span> <span class='ocrx_word' id='word_1_757' title='bbox 1435 2351 1482 2389; x_wconf 84' lang='lat' dir='ltr'>ad</span> <span class='ocrx_word' id='word_1_758' title='bbox 1511 2359 1717 2388; x_wconf 82' lang='lat' dir='ltr'>creatorem</span> <span class='ocrx_word' id='word_1_759' title='bbox 1746 2365 1836 2389; x_wconf 92' lang='lat' dir='ltr'>cum</span> <span class='ocrx_word' id='word_1_760' title='bbox 1858 2352 2025 2404; x_wconf 81' lang='lat' dir='ltr'>quadam</span> <span class='ocrx_word' id='word_1_761' title='bbox 2047 2355 2236 2400; x_wconf 76' lang='lat' dir='ltr'>novitate,</span> <span class='ocrx_word' id='word_1_762' title='bbox 2265 2367 2331 2391; x_wconf 85' lang='lat' dir='ltr'>seu</span> 
     </span>
     <span class='ocr_line' id='line_1_108' title="bbox 1218 2405 2328 2458; baseline 0.002 -16"><span class='ocrx_word' id='word_1_763' title='bbox 1218 2405 1433 2456; x_wconf 71' lang='lat' dir='ltr'>inceptione</span> <span class='ocrx_word' id='word_1_764' title='bbox 1451 2435 1460 2452; x_wconf 86' lang='lat'>‚</span> <span class='ocrx_word' id='word_1_765' title='bbox 1490 2418 1579 2456; x_wconf 78' lang='lat' dir='ltr'>quae</span> <span class='ocrx_word' id='word_1_766' title='bbox 1609 2412 1711 2442; x_wconf 81' lang='lat' dir='ltr'>certe</span> <span class='ocrx_word' id='word_1_767' title='bbox 1739 2406 1913 2455; x_wconf 84' lang='lat' dir='ltr'>novitas,</span> <span class='ocrx_word' id='word_1_768' title='bbox 1944 2405 1978 2442; x_wconf 85' lang='lat'>&amp;</span> <span class='ocrx_word' id='word_1_769' title='bbox 2008 2406 2175 2458; x_wconf 84' lang='lat' dir='ltr'>inceptio</span> <span class='ocrx_word' id='word_1_770' title='bbox 2204 2407 2243 2443; x_wconf 86' lang='lat' dir='ltr'>in</span> <span class='ocrx_word' id='word_1_771' title='bbox 2276 2421 2328 2458; x_wconf 61' lang='lat' dir='ltr'>as-</span> 
     </span>
     <span class='ocr_line' id='line_1_109' title="bbox 1214 2457 2328 2512; baseline 0.002 -16"><span class='ocrx_word' id='word_1_772' title='bbox 1214 2460 1389 2496; x_wconf 80' lang='lat' dir='ltr'>&#39;ternitate</span> <span class='ocrx_word' id='word_1_773' title='bbox 1420 2457 1585 2509; x_wconf 84' lang='lat' dir='ltr'>intelligi</span> <span class='ocrx_word' id='word_1_774' title='bbox 1613 2467 1688 2496; x_wconf 74' lang='lat' dir='ltr'>‘non</span> <span class='ocrx_word' id='word_1_775' title='bbox 1717 2466 1861 2510; x_wconf 84' lang='lat' dir='ltr'>potest.</span> <span class='ocrx_word' id='word_1_776' title='bbox 1891 2458 2038 2497; x_wconf 88' lang='lat' dir='ltr'>Verum</span> <span class='ocrx_word' id='word_1_777' title='bbox 2054 2459 2101 2498; x_wconf 90' lang='lat' dir='ltr'>de</span> <span class='ocrx_word' id='word_1_778' title='bbox 2129 2459 2199 2498; x_wconf 83' lang='lat' dir='ltr'>hac</span> <span class='ocrx_word' id='word_1_779' title='bbox 2220 2475 2328 2512; x_wconf 68' lang='lat' dir='ltr'>quee-</span> 
     </span>
     <span class='ocr_line' id='line_1_110' title="bbox 2196 2522 2283 2552; baseline -0.011 0"><span class='ocrx_word' id='word_1_780' title='bbox 2196 2522 2283 2552; x_wconf 61' lang='lat' dir='ltr'>&#39;suo-2</span> 
     </span>
    </p>
   </div>
   <div class='ocr_carea' id='block_1_7' title="bbox 1202 2617 2330 3270">
    <p class='ocr_par' dir='ltr' id='par_1_18' title="bbox 1206 2617 2324 2710">
     <span class='ocr_line' id='line_1_111' title="bbox 1206 2617 2324 2667; baseline -0.001 -12"><span class='ocrx_word' id='word_1_781' title='bbox 1206 2629 1329 2667; x_wconf 63' lang='lat' dir='ltr'>quaest.</span> <span class='ocrx_word' id='word_1_782' title='bbox 1361 2632 1389 2653; x_wconf 79' lang='lat' dir='ltr'>r.</span> <span class='ocrx_word' id='word_1_783' title='bbox 1417 2625 1484 2653; x_wconf 74' lang='lat' dir='ltr'>art.</span> <span class='ocrx_word' id='word_1_784' title='bbox 1514 2620 1544 2652; x_wconf 89' lang='lat'>5.</span> <span class='ocrx_word' id='word_1_785' title='bbox 1570 2617 1661 2654; x_wconf 81' lang='lat' dir='ltr'>Addi</span> <span class='ocrx_word' id='word_1_786' title='bbox 1700 2628 1815 2665; x_wconf 81' lang='lat' dir='ltr'>potest</span> <span class='ocrx_word' id='word_1_787' title='bbox 1840 2619 1922 2653; x_wconf 87' lang='lat' dir='ltr'>Ben.</span> <span class='ocrx_word' id='word_1_788' title='bbox 1950 2619 2109 2654; x_wconf 86' lang='lat' dir='ltr'>Pererius</span> <span class='ocrx_word' id='word_1_789' title='bbox 2137 2620 2216 2666; x_wconf 62' lang='lat' dir='ltr'>Lib.</span> <span class='ocrx_word' id='word_1_790' title='bbox 2244 2618 2324 2656; x_wconf 81' lang='lat' dir='ltr'>XV.</span> 
     </span>
     <span class='ocr_line' id='line_1_112' title="bbox 1206 2671 1669 2710; baseline -0.011 -7"><span class='ocrx_word' id='word_1_791' title='bbox 1206 2672 1250 2703; x_wconf 72' lang='lat' dir='ltr'>de</span> <span class='ocrx_word' id='word_1_792' title='bbox 1275 2680 1433 2701; x_wconf 79' lang='lat' dir='ltr'>commun.</span> <span class='ocrx_word' id='word_1_793' title='bbox 1458 2671 1669 2710; x_wconf 76' lang='lat' dir='ltr'>principiis.</span> 
     </span>
    </p>

    <p class='ocr_par' dir='ltr' id='par_1_19' title="bbox 1202 2712 2330 2989">
     <span class='ocr_line' id='line_1_113' title="bbox 1253 2712 2330 2759; baseline 0 -12"><span class='ocrx_word' id='word_1_794' title='bbox 1253 2717 1301 2753; x_wconf 78' lang='lat' dir='ltr'>(b)</span> <span class='ocrx_word' id='word_1_795' title='bbox 1333 2716 1366 2747; x_wconf 91' lang='lat' dir='ltr'>S.</span> <span class='ocrx_word' id='word_1_796' title='bbox 1387 2712 1598 2747; x_wconf 79' lang='lat' dir='ltr'>Athanasius</span> <span class='ocrx_word' id='word_1_797' title='bbox 1625 2716 1723 2746; x_wconf 82' lang='lat' dir='ltr'>Orat.</span> <span class='ocrx_word' id='word_1_798' title='bbox 1751 2714 1777 2746; x_wconf 85' lang='lat'>1.</span> <span class='ocrx_word' id='word_1_799' title='bbox 1804 2712 1934 2746; x_wconf 82' lang='lat' dir='ltr'>Contra</span> <span class='ocrx_word' id='word_1_800' title='bbox 1948 2714 2101 2746; x_wconf 76' lang='lat' dir='ltr'>Arianos</span> <span class='ocrx_word' id='word_1_801' title='bbox 2127 2726 2160 2746; x_wconf 90' lang='lat' dir='ltr'>n.</span> <span class='ocrx_word' id='word_1_802' title='bbox 2177 2724 2330 2759; x_wconf 71' lang='lat' dir='ltr'>290pro-</span> 
     </span>
     <span class='ocr_line' id='line_1_114' title="bbox 1209 2759 2327 2803; baseline 0 -9"><span class='ocrx_word' id='word_1_803' title='bbox 1209 2763 1289 2801; x_wconf 83' lang='lat' dir='ltr'>bat,</span> <span class='ocrx_word' id='word_1_804' title='bbox 1316 2774 1372 2793; x_wconf 82' lang='lat' dir='ltr'>res</span> <span class='ocrx_word' id='word_1_805' title='bbox 1388 2759 1510 2803; x_wconf 72' lang='lat' dir='ltr'>factas</span> <span class='ocrx_word' id='word_1_806' title='bbox 1536 2767 1678 2792; x_wconf 72' lang='lat' dir='ltr'>aeternas</span> <span class='ocrx_word' id='word_1_807' title='bbox 1704 2765 1781 2792; x_wconf 74' lang='lat' dir='ltr'>esse</span> <span class='ocrx_word' id='word_1_808' title='bbox 1807 2772 1872 2792; x_wconf 82' lang='lat' dir='ltr'>non</span> <span class='ocrx_word' id='word_1_809' title='bbox 1896 2763 2049 2802; x_wconf 76' lang='lat' dir='ltr'>potuisse</span> <span class='ocrx_word' id='word_1_810' title='bbox 2066 2781 2077 2800; x_wconf 85' lang='lat'>‚</span> <span class='ocrx_word' id='word_1_811' title='bbox 2103 2764 2241 2793; x_wconf 73' lang='lat' dir='ltr'>etiamsi</span> <span class='ocrx_word' id='word_1_812' title='bbox 2267 2774 2327 2794; x_wconf 78' lang='lat' dir='ltr'>eas</span> 
     </span>
     <span class='ocr_line' id='line_1_115' title="bbox 1212 2804 2326 2851; baseline -0.002 -10"><span class='ocrx_word' id='word_1_813' title='bbox 1212 2820 1340 2851; x_wconf 84' lang='lat' dir='ltr'>semper</span> <span class='ocrx_word' id='word_1_814' title='bbox 1363 2809 1512 2850; x_wconf 82' lang='lat' dir='ltr'>potuerit</span> <span class='ocrx_word' id='word_1_815' title='bbox 1527 2806 1654 2849; x_wconf 77' lang='lat' dir='ltr'>faeere</span> <span class='ocrx_word' id='word_1_816' title='bbox 1673 2804 1768 2839; x_wconf 76' lang='lat' dir='ltr'>Dens</span> <span class='ocrx_word' id='word_1_817' title='bbox 1784 2827 1792 2836; x_wconf 85' lang='lat'>.</span> <span class='ocrx_word' id='word_1_818' title='bbox 1819 2804 1890 2839; x_wconf 76' lang='lat' dir='ltr'><em>Illae</em></span> <span class='ocrx_word' id='word_1_819' title='bbox 1908 2811 1997 2838; x_wconf 86' lang='lat' dir='ltr'>enim</span> <span class='ocrx_word' id='word_1_820' title='bbox 2023 2819 2066 2839; x_wconf 77' lang='lat' dir='ltr'>ex</span> <span class='ocrx_word' id='word_1_821' title='bbox 2093 2807 2204 2840; x_wconf 78' lang='lat' dir='ltr'>nihilo</span> <span class='ocrx_word' id='word_1_822' title='bbox 2231 2816 2326 2847; x_wconf 59' lang='lat' dir='ltr'>saint,</span> 
     </span>
     <span class='ocr_line' id='line_1_116' title="bbox 1207 2851 2328 2897; baseline -0.001 -10"><span class='ocrx_word' id='word_1_823' title='bbox 1207 2867 1267 2888; x_wconf 86' lang='lat' dir='ltr'>nee</span> <span class='ocrx_word' id='word_1_824' title='bbox 1293 2861 1390 2887; x_wconf 78' lang='lat' dir='ltr'>erant</span> <span class='ocrx_word' id='word_1_825' title='bbox 1404 2874 1415 2892; x_wconf 91' lang='lat'>,</span> <span class='ocrx_word' id='word_1_826' title='bbox 1441 2861 1616 2896; x_wconf 77' lang='lat' dir='ltr'>antequam</span> <span class='ocrx_word' id='word_1_827' title='bbox 1631 2851 1784 2894; x_wconf 77' lang='lat' dir='ltr'>fierent.</span> <span class='ocrx_word' id='word_1_828' title='bbox 1811 2851 1891 2897; x_wconf 74' lang='lat' dir='ltr'>Quae</span> <span class='ocrx_word' id='word_1_829' title='bbox 1907 2861 2015 2885; x_wconf 77' lang='lat' dir='ltr'>autem</span> <span class='ocrx_word' id='word_1_830' title='bbox 2034 2865 2097 2885; x_wconf 87' lang='lat' dir='ltr'>non</span> <span class='ocrx_word' id='word_1_831' title='bbox 2116 2857 2216 2886; x_wconf 74' lang='lat' dir='ltr'>‘erant</span> <span class='ocrx_word' id='word_1_832' title='bbox 2231 2875 2240 2893; x_wconf 90' lang='lat'><em>‚</em></span> <span class='ocrx_word' id='word_1_833' title='bbox 2266 2867 2328 2886; x_wconf 82' lang='grc' dir='ltr'><strong><em>ιιη-</em></strong></span> 
     </span>
     <span class='ocr_line' id='line_1_117' title="bbox 1206 2898 2330 2946; baseline -0.002 -12"><span class='ocrx_word' id='word_1_834' title='bbox 1206 2910 1336 2946; x_wconf 69' lang='lat' dir='ltr'>tequam</span> <span class='ocrx_word' id='word_1_835' title='bbox 1352 2900 1512 2943; x_wconf 83' lang='lat' dir='ltr'>fierent,</span> <span class='ocrx_word' id='word_1_836' title='bbox 1548 2900 1707 2943; x_wconf 78' lang='lat' dir='ltr'>quomodo</span> <span class='ocrx_word' id='word_1_837' title='bbox 1745 2901 1846 2932; x_wconf 81' lang='lat' dir='ltr'>simul</span> <span class='ocrx_word' id='word_1_838' title='bbox 1879 2910 1951 2931; x_wconf 83' lang='lat' dir='ltr'>cnm</span> <span class='ocrx_word' id='word_1_839' title='bbox 1976 2898 2079 2939; x_wconf 89' lang='lat' dir='ltr'>Deo,</span> <span class='ocrx_word' id='word_1_840' title='bbox 2116 2903 2170 2943; x_wconf 77' lang='lat' dir='ltr'>qui</span> <span class='ocrx_word' id='word_1_841' title='bbox 2199 2912 2330 2943; x_wconf 82' lang='lat' dir='ltr'>semper</span> 
     </span>
     <span class='ocr_line' id='line_1_118' title="bbox 1202 2951 2097 2989; baseline -0.004 -8"><span class='ocrx_word' id='word_1_842' title='bbox 1202 2957 1259 2981; x_wconf 86' lang='lat' dir='ltr'>&#39;est</span> <span class='ocrx_word' id='word_1_843' title='bbox 1281 2951 1418 2989; x_wconf 60' lang='lat' dir='ltr'>possint</span> <span class='ocrx_word' id='word_1_844' title='bbox 1443 2952 1624 2978; x_wconf 71' lang='lat' dir='ltr'>existere?</span> <span class='ocrx_word' id='word_1_845' title='bbox 2092 2983 2097 2985; x_wconf 25' lang='lat'><em>⁴</em></span> 
     </span>
    </p>

    <p class='ocr_par' dir='ltr' id='par_1_20' title="bbox 1202 2989 2325 3270">
     <span class='ocr_line' id='line_1_119' title="bbox 1242 2989 2325 3035; baseline -0.001 -9"><span class='ocrx_word' id='word_1_846' title='bbox 1242 2999 1293 3033; x_wconf 81' lang='lat' dir='ltr'>(c)</span> <span class='ocrx_word' id='word_1_847' title='bbox 1319 2991 1500 3025; x_wconf 86' lang='lat' dir='ltr'>Editiones</span> <span class='ocrx_word' id='word_1_848' title='bbox 1523 2999 1658 3035; x_wconf 59' lang='lat' dir='ltr'>‚autem</span> <span class='ocrx_word' id='word_1_849' title='bbox 1686 2990 1825 3024; x_wconf 79' lang='lat' dir='ltr'>Szzmmae</span> <span class='ocrx_word' id='word_1_850' title='bbox 1850 2991 1884 3023; x_wconf 89' lang='lat' dir='ltr'>S.</span> <span class='ocrx_word' id='word_1_851' title='bbox 1913 2989 2059 3029; x_wconf 75' lang='lat' dir='ltr'>Thomae</span> <span class='ocrx_word' id='word_1_852' title='bbox 2086 2991 2198 3026; x_wconf 84' lang='lat' dir='ltr'>Duaci</span> <span class='ocrx_word' id='word_1_853' title='bbox 2225 2992 2325 3025; x_wconf 76' lang='lat' dir='ltr'>factae</span> 
     </span>
     <span class='ocr_line' id='line_1_120' title="bbox 1208 3038 2322 3082; baseline -0.002 -9"><span class='ocrx_word' id='word_1_854' title='bbox 1208 3040 1256 3073; x_wconf 82' lang='lat' dir='ltr'>ita</span> <span class='ocrx_word' id='word_1_855' title='bbox 1282 3039 1432 3072; x_wconf 76' lang='lat' dir='ltr'>hahent:</span> <span class='ocrx_word' id='word_1_856' title='bbox 1463 3038 1565 3082; x_wconf 84' lang='lat' dir='ltr'>Resp.</span> <span class='ocrx_word' id='word_1_857' title='bbox 1590 3039 1794 3077; x_wconf 76' lang='lat' dir='ltr'>dicendum,</span> <span class='ocrx_word' id='word_1_858' title='bbox 1820 3039 1906 3081; x_wconf 78' lang='lat' dir='ltr'>quod</span> <span class='ocrx_word' id='word_1_859' title='bbox 1930 3038 2024 3071; x_wconf 79' lang='lat' dir='ltr'>nihil</span> <span class='ocrx_word' id='word_1_860' title='bbox 2041 3043 2175 3081; x_wconf 70' lang='lat' dir='ltr'>oportet</span> <span class='ocrx_word' id='word_1_861' title='bbox 2198 3048 2322 3082; x_wconf 67' lang='lat' dir='ltr'>prater</span> 
     </span>
     <span class='ocr_line' id='line_1_121' title="bbox 1207 3080 2324 3127; baseline -0.002 -9"><span class='ocrx_word' id='word_1_862' title='bbox 1207 3086 1317 3119; x_wconf 76' lang='lat' dir='ltr'>Deum</span> <span class='ocrx_word' id='word_1_863' title='bbox 1341 3086 1381 3118; x_wconf 80' lang='grc' dir='ltr'>αὐ</span> <span class='ocrx_word' id='word_1_864' title='bbox 1404 3092 1527 3118; x_wconf 63' lang='lat' dir='ltr'>aterno</span> <span class='ocrx_word' id='word_1_865' title='bbox 1541 3083 1683 3127; x_wconf 79' lang='lat' dir='ltr'>fnisse.</span> <span class='ocrx_word' id='word_1_866' title='bbox 1722 3084 1866 3117; x_wconf 86' lang='lat' dir='ltr'>Plurimi</span> <span class='ocrx_word' id='word_1_867' title='bbox 1894 3093 2010 3118; x_wconf 84' lang='lat' dir='ltr'>tamen</span> <span class='ocrx_word' id='word_1_868' title='bbox 2038 3085 2070 3117; x_wconf 91' lang='lat' dir='ltr'>S.</span> <span class='ocrx_word' id='word_1_869' title='bbox 2098 3080 2244 3119; x_wconf 76' lang='lat' dir='ltr'>‘Phornae</span> <span class='ocrx_word' id='word_1_870' title='bbox 2272 3085 2324 3117; x_wconf 86' lang='lat' dir='ltr'>in-</span> 
     </span>
     <span class='ocr_line' id='line_1_122' title="bbox 1206 3130 2323 3177; baseline -0.004 -11"><span class='ocrx_word' id='word_1_871' title='bbox 1206 3140 1399 3177; x_wconf 84' lang='lat' dir='ltr'>terpretes,</span> <span class='ocrx_word' id='word_1_872' title='bbox 1434 3139 1472 3163; x_wconf 87' lang='lat' dir='ltr'>ut</span> <span class='ocrx_word' id='word_1_873' title='bbox 1498 3130 1687 3174; x_wconf 76' lang='lat' dir='ltr'>cajetanus</span> <span class='ocrx_word' id='word_1_874' title='bbox 1703 3151 1714 3169; x_wconf 67' lang='lat'>2</span> <span class='ocrx_word' id='word_1_875' title='bbox 1739 3130 1882 3174; x_wconf 80' lang='lat' dir='ltr'>Seraph.</span> <span class='ocrx_word' id='word_1_876' title='bbox 1908 3131 2092 3175; x_wconf 73' lang='lat' dir='ltr'>Capponi‚</span> <span class='ocrx_word' id='word_1_877' title='bbox 2119 3131 2232 3176; x_wconf 75' lang='lat' dir='ltr'>Raph.</span> <span class='ocrx_word' id='word_1_878' title='bbox 2261 3132 2323 3163; x_wconf 84' lang='lat' dir='ltr'>Ri-</span> 
     </span>
     <span class='ocr_line' id='line_1_123' title="bbox 1203 3175 2324 3224; baseline -0.004 -12"><span class='ocrx_word' id='word_1_879' title='bbox 1203 3185 1268 3224; x_wconf 70' lang='lat' dir='ltr'>Pa‚</span> <span class='ocrx_word' id='word_1_880' title='bbox 1294 3178 1383 3211; x_wconf 71' lang='lat' dir='ltr'>Gal).</span> <span class='ocrx_word' id='word_1_881' title='bbox 1410 3178 1570 3221; x_wconf 80' lang='lat' dir='ltr'>Vasquez</span> <span class='ocrx_word' id='word_1_882' title='bbox 1586 3198 1597 3216; x_wconf 88' lang='lat'>,</span> <span class='ocrx_word' id='word_1_883' title='bbox 1640 3180 1672 3209; x_wconf 84' lang='lat'>&amp;</span> <span class='ocrx_word' id='word_1_884' title='bbox 1697 3176 1823 3210; x_wconf 83' lang='lat' dir='ltr'>Paulus</span> <span class='ocrx_word' id='word_1_885' title='bbox 1849 3176 2020 3213; x_wconf 71' lang='lat' dir='ltr'>Nazarius</span> <span class='ocrx_word' id='word_1_886' title='bbox 2045 3184 2244 3212; x_wconf 75' lang='lat' dir='ltr'>constanter</span> <span class='ocrx_word' id='word_1_887' title='bbox 2272 3175 2324 3208; x_wconf 76' lang='lat' dir='ltr'>Ie-</span> 
     </span>
     <span class='ocr_line' id='line_1_124' title="bbox 1202 3224 1707 3270; baseline -0.006 -12"><span class='ocrx_word' id='word_1_888' title='bbox 1202 3230 1354 3270; x_wconf 72' lang='lat' dir='ltr'>gerunt:</span> <span class='ocrx_word' id='word_1_889' title='bbox 1381 3224 1475 3259; x_wconf 73' lang='lat' dir='ltr'>nihil</span> <span class='ocrx_word' id='word_1_890' title='bbox 1499 3228 1616 3269; x_wconf 79' lang='lat' dir='ltr'>potest</span> <span class='ocrx_word' id='word_1_891' title='bbox 1640 3231 1707 3256; x_wconf 76' lang='lat' dir='ltr'>etc.</span> 
     </span>
    </p>
   </div>
  </div>
 </body>
</html>
