2577 3633
1013 122 1093 167 DE
1129 123 1293 168 VOCE
1329 121 1538 174 ὅμοι’σιθν,

115 218 174 249 tra
203 205 366 246 Arianos
406 202 607 253 definivit,
652 203 863 243 Dominum
906 211 1076 243 nostrum
1105 203 1238 243 Jesuin

113 263 311 304 Christum
340 273 418 298 esse
447 257 581 297 Deum
612 257 659 296 cle
687 258 804 308 Deo,
847 257 981 296 Deum
1024 271 1159 297 verum
1189 257 1237 296 (le

114 318 205 356 Deo
232 329 322 354 vero
342 329 358 360 ,·
386 328 476 366 quae
497 311 671 351 definitio
699 327 774 351 non
806 321 922 364 potest
950 326 1039 350 cum
1061 312 1131 350 hac
1149 325 1235 364 pro-

111 372 301 425 positione
348 367 580 407 conciliari:
629 367 758 405 Jesus·
773 366 950 405 Christus
978 376 1036 405 est
1064 366 1178 405 Deus
1206 379 1237 404 a,

108 438 156 463 se
177 455 188 473 ,
218 426 292 463 nisi
321 422 449 462 addita
478 421 549 460 illa
577 421 861 470 declaratione,
890 435 1008 475 quam
1038 421 1142 459 dixi:
1173 434 1235 458 su·

109 480 253 518 :mendo
283 478 429 517 scilicet
458 475 530 514 hoc
559 489 696 514 nomen
728 476 832 515 Deus
853 506 864 524 ‚
907 484 1018 528 prout
1047 474 1236 527 significat

108 542 307 571 naturam
351 531 556 578 divinam,
599 539 639 567 ut
668 534 710 568 in
739 529 908 568 habente
927 559 940 578 ,
985 530 1236 582 quemadmo-

109 587 205 625 dum
247 587 421 639 loquitur
449 584 490 623 S.
521 583 693 623 Thomas
723 585 752 622 Ι.
783 583 825 624 Ρ.
854 599 893 637 q.
929 583 990 623 ιδ.
1020 593 1091 623 art.
1119 597 1158 637 9.
1188 583 1236 622 ad

109 655 149 680 2.
181 641 214 677 8<
245 640 369 679 alibi.

165 695 260 740 402.
291 694 338 731 At
380 694 481 731 enim
524 692 724 746 inquiebat
754 691 900 731 Theod.
938 691 1032 730 Beza
1075 693 1115 731 in
1144 692 1235 731 Lib.

109 747 160 786 de
195 747 359 786 Unitate
389 751 573 786 essentiae
616 747 787 796 divinoe,
832 746 966 799 aliqua
995 745 1119 799 major
1149 761 1235 798 per-

108 803 226 841 sectio
246 805 285 842 in
308 817 351 840 eo
366 802 510 840 relucet
527 833 538 850 ,
569 803 636 855 qui
668 800 781 840 h’abet
798 815 874 839 esse
893 816 915 838 a
935 801 1058 853 seipso
1072 832 1082 849 ,
1113 815 1233 853 quam

105 857 150 896 in
180 870 251 906 e0,
282 859 350 910 qui
371 856 485 895 habet
514 856 565 894 ab
592 856 695 902 alio3
725 854 788 892 hic
810 857 913 892 enim
943 855 1092 892 videtur
1122 856 1232 907 quasi

106 912 284 964 precario
304 911 408 949 Deus
439 924 538 949 esse.
568 909 714 947 Rursus
735 908 899 947 Persona
921 908 1053 946 divina
1082 907 1130 945 ab
1155 909 1231 947 alia

110 967 347 1018 procedens,
396 964 723 1017 quemadmodum
762 966 988 1010 essentiam,
1037 963 1087 999 ita
1117 964 1231 1001 etiam

105 1021 423 1073 omnipotentiam
441 1049 452 1066 ,
481 1016 810 1064 omniscientiam,
842 1016 996 1068 aliaque
1017 1017 1147 1054 divina
1177 1027 1234 1055 at-

104 1074 249 1112 tribum
277 1073 401 1111 alieno
442 1070 659 1118 beneficiO,
709 1082 782 1107 non
813 1072 969 1123 proprio
998 1068 1083 1121 jure
1114 1074 1234 1123 possi-

103 1127 238 1176 debit,
288 1126 419 1164 eadem
451 1138 523 1162 non
552 1123 731 1162 habitura
754 1155 764 1173 ,
813 1126 887 1164 nisi
916 1124 1015 1163 alins
1057 1124 1142 1164 haec
1172 1125 1233 1165 illi-

105 1182 271 1232 gratuito
300 1181 470 1217 donasset
487 1205 497 1217 .

158 1235 254 1281 405.
284 1234 433 1271 Verum
464 1233 573 1281 haee,
623 1232 777 1285 aliaque
808 1233 847 1271 id
875 1247 994 1285 genus
1024 1233 1134 1286 plene
1166 1248 1233 1272 ex·

99 1287 245 1340 plicata
275 1296 360 1326 sunt
390 1289 428 1325 in
459 1287 630 1325 Diss.11.
662 1288 778 1339 capit.
807 1300 839 1325 1.
871 1287 918 1325 (le
965 1289 1105 1327 (livinis
1141 1303 1229 1340 pro-

99 1341 376 1385 cessionibus;
405 1341 473 1378 ubi
502 1341 753 1389 ostendimus,
803 1340 955 1379 nullum
986 1343 1141 1394 proprie
1171 1343 1225 1380 lo-

99 1396 253 1447 quendo
282 1410 359 1433 esse
380 1396 624 1447 perfectionis
639 1394 831 1433 desectum
862 1397 900 1432 in
924 1410 1106 1448 personat,
1135 1411 1224 1449 quae

99 1449 151 1486 ab
181 1449 258 1487 alia
289 1450 484 1502 procedit,
514 1451 608 1501 quia
628 1462 787 1500 persona
816 1451 1020 1502 procedens
1050 1452 1224 1489 eamdem

97 1516 264 1541 numero
293 1504 466 1541 divinam
497 1504 696 1540 essentiam
719 1504 888 1555 accipit,
920 1506 958 1542 in
986 1519 1064 1557 qua
1093 1518 1224 1543 omnes

100 1559 262 1595 mnuino
293 1558 543 1608 perfectiones
584 1558 859 1596 inveniuntur.
908 1558 1022 1596 Unde
1049 1557 1090 1597 S.
1122 1558 1225 1596 Tho-

99 1624 183 1650 mas
214 1613 243 1650 l.
275 1611 314 1649 Ρ.
345 1626 384 1663 q.
408 1611 472 1650 55.
502 1620 573 1649 art.
601 1625 634 1650 1.
665 1611 711 1648 ad
745 1625 780 1650 2.
826 1642 852 1661 „
883 1613 1016 1660 Licet,
1066 1614 1224 1665 inquit,

100 1696 129 1715 „
159 1665 415 1703 attribuamus
458 1665 559 1702 Patri
603 1665 752 1717 aliquid
801 1668 1033 1704 auctoritatis
1081 1668 1225 1705 ratione

99 1750 128 1769 Ἃ
158 1719 370 1772 principii,
420 1718 519 1756 nihil
562 1729 688 1757 tamen
719 1719 766 1756 ad
808 1719 1114 1771 subjectionem,
1163 1720 1224 1759 vel

97 1803 127 1822 „
158 1774 447 1810 minorationem
478 1785 723 1823 quocumque
752 1773 868 1810 modo
899 1775 1090 1825 pertinens
1119 1775 1225 1812 attri-

97 1855 126 1875 „
156 1826 314 1864 buimus
343 1825 474 1875 Filio,
523 1826 585 1864 vel
616 1827 777 1878 Spiritui
808 1835 962 1875 sanctO,
1010 1835 1051 1864 ut
1085 1828 1225 1866 vitetur

96 1909 125 1930 „
155 1881 278 1918 omnis
307 1881 444 1917 erroris
472 1881 644 1918 occasio:
674 1880 887 1918 secundum
917 1894 1035 1933 quem
1065 1881 1222 1919 modum

95 1963 124 1983 „
154 1934 328 1972 Hilarius
356 1935 450 1972 dicit
479 1934 549 1973 IX.
599 1933 647 1971 de
681 1933 819 1972 Trinit.
851 1933 1058 1972 Donantis
1087 1945 1222 1972 aucto-

157 1992 276 2026 ritate
308 1987 432 2026 Pater
479 1989 614 2041 major
643 1997 734 2033 est,·
779 1988 849 2026 sed
893 1992 1024 2027 minor
1052 2002 1134 2027 non
1162 1998 1222 2028 est

155 2041 301 2090 Filius,
333 2046 393 2080 cui
423 2056 548 2080 unum
577 2056 665 2081 esse
694 2043 887 2081 domitur.
909 2046 935 2064 “

153 2097 246 2143 404.
276 2096 385 2135 Nihil
417 2111 506 2136 vero
548 2098 670 2148 magis
712 2097 951 2145 absurdum,
999 2106 1063 2135 aut
1100 2098 1222 2149 magis

94 2148 267 2197 falsum,
315 2165 433 2202 quam
476 2150 682 2187 Personam
725 2151 993 2202 procedentem
1040 2154 1226 2201 precario

96 2204 224 2242 Deum
257 2216 360 2248 esse3
408 2216 499 2239 cum
529 2204 632 2239 enim
662 2204 841 2254 procedat
869 2216 945 2241 non
973 2203 1094 2241 libere
1112 2234 1122 2252 ,
1160 2205 1224 2242 sed

95 2256 334 2304 necessario,
364 2256 539 2294 divinam·
568 2256 767 2293 essentiam
789 2269 855 2293 sno
883 2255 995 2307 jure,
1026 2270 1100 2294 non
1130 2257 1221 2295 alte-

95 2312 178 2351 rius
208 2309 400 2348 voluntate
417 2308 555 2357 habet,
586 2309 619 2346 ἃ
650 2318 702 2347 est
732 2324 818 2348 vere
840 2309 970 2360 Deus,
1000 2311 1110 2349 alteri
1132 2310 1221 2349 Per-

93 2379 198 2405 sonae
231 2362 590 2402 consubstantialis.
647 2363 830 2402 Fortassis
855 2362 985 2403 'autem
1030 2374 1105 2402 tota
1134 2364 1222 2404 haec

95 2420 259 2472 quaestio
288 2426 340 2455 est
370 2418 415 2456 de
444 2418 625 2463 nomine3
673 2419 734 2456 sed
766 2419 806 2456 in
836 2420 1022 2472 mysterio
1050 2428 1127 2457 tam
1157 2436 1220 2459 su-

95 2473 210 2512 blimi
243 2472 413 2509 maxima
442 2473 615 2509 cautione
655 2485 750 2524 opus
780 2482 832 2510 est
862 2475 977 2511 etiam
1015 2475 1052 2512 in
1085 2475 1220 2513 verbo-

96 2540 185 2566 rum
200 2525 348 2566 delectu
363 2555 375 2576 ,
405 2534 444 2565 ut
459 2527 497 2565 in
512 2527 561 2566 ll.
576 2526 680 2566 Diss.
695 2541 781 2579 cap.
798 2537 915 2580 postr.
935 2537 1125 2568 ostensum
1142 2540 1193 2570 est
1206 2556 1220 2569 .

99 2018 126 2037 22

97 2071 124 2091 22

149 2926 197 2961 (ιι)
225 2922 317 2955 Eum
331 2920 476 2955 Photius
494 2934 562 2956 non
577 2930 647 2956 tam
659 2923 851 2963 Φιλοπίνον,
875 2923 1224 2967 qtranrmcwtorto'rov

90 2966 232 3012 frustra
257 2969 464 3002 laborantem
490 2968 738 3014 appellandum
766 2970 901 3002 censuit
929 2966 1013 3002 Cod.
1036 2966 1115 3007 55.,
1159 2967 1220 3012 qui

98 3014 206 3046 etiam
233 3015 300 3047 alio
328 3016 362 3047 in
388 3017 463 3049 loco
487 3029 567 3050 eum
586 3029 652 3050 non
668 3015 780 3048 solum
808 3017 981 3062 impium,
1008 3017 1039 3046 δέ
1057 3014 1224 3058 ])Ιᾱερ]]ε-’

95 3072 195 3094 mum
213 3082 222 3099 ,
249 3059 306 3092 sed
325 3063 430 3094 etiam
455 3065 632 3107 putidum,
660 3072 764 3107 atque
793 3065 996 3097 imbecillem
1022 3061 1222 3105 disputato-

98 3119 174 3140 rem
203 3115 324 3140 vocat.
368 3110 498 3143 Contra
527 3123 610 3144 vero
635 3111 710 3154 ejus
739 3111 917 3155 ingenium
945 3109 1085 3143 extollit:
1113 3107 1222 3140 Nice-

99 3154 232 3201 pliorns
261 3154 336 3187 Lib.
358 3155 488 3188 XVlll.
513 3158 612 3191 Hist.
635 3158 735 3191 Eccl.
763 3169 838 3203 cap.
859 3157 917 3201 47.
944 3156 1075 3191 Haeresi
1103 3156 1223 3199 Euty-—

102 3200 236 3234 chinnae
266 3200 493 3245 pertinaciter
507 3204 651 3238 mthaesit
667 3228 675 3236 .
702 3204 879 3238 Nonnulla
898 3214 1013 3238 tamen
1034 3214 1096 3247 pro
1115 3200 1221 3234 Chri-

102 3249 216 3281 stiana
239 3248 405 3291 religione
432 3259 552 3283 contra
573 3253 732 3285 Proetum
751 3274 760 3291 ‚
788 3255 820 3284 ἃ
836 3252 1051 3295 =lamblicnm
1079 3249 1222 3293 scripsit

102 3296 250 3328 minime
287 3295 562 3328 contemnenda.
606 3298 836 3333 Barhebraens
873 3308 990 3331 antem
1028 3294 1119 3342 apud
1145 3296 1220 3328 JOS·

101 3342 297 3375 Simonium
327 3343 581 3375 Assemanmnn
608 3344 696 3378 Bibl.
723 3347 859 3379 Orient.
887 3345 930 3378 T.
953 3346 993 3378 ll.
1027 3357 1059 3389 p.
1081 3343 1160 3376 326.
1188 3344 1220 3374 ὃς

100 3400 179 3434 seq.
204 3387 464 3423 'tritheitarum
487 3389 660 3436 originem
683 3404 754 3427 non
780 3392 824 3429 ad
836 3393 890 3428 δῦ.
915 3391 1147 3438 Philoponum
1164 3399 1223 3422 re-

2290 140 2370 180 ¹¹7

1609 258 1962 300 CAPUT
2044 259 2116 298 XI.

1453 372 1516 411 De
1546 379 1723 417 sanctae,
1752 368 1803 410 ζ’)
1831 367 2040 405 individuae
2072 366 2281 407 Trinitatis

1647 428 1800 463 unitate
1829 425 2039 460 numerica
2057 447 2068 459 .

1359 513 1656 586 405.Duplex
1704 531 1958 571 communiter
2004 544 2026 568 a
2067 527 2336 579 philosophis,
2385 530 2421 567 ἃ

1305 585 1509 638 Theologis
1529 588 1773 640 distinguitur
1794 587 1940 624 unitas:
1969 584 2088 622 altera
2116 583 2305 636 specifica
2322 615 2331 632 ,
2362 584 2419 621 al·-

1304 649 1382 679 tera
1411 645 1646 679 numerica.
1696 641 1824 678 Prima
1850 640 1930 689 est,
1961 641 1999 677 in
2029 652 2106 691 qua
2135 637 2249 689 plura
2277 639 2420 676 indivi-

1302 695 1378 733 dua
1407 697 1666 741 conveniunt3
1713 696 1765 733 sic
1795 695 1932 732 dicitur
1962 702 2095 730 natura
2137 691 2308 730 humana
2335 705 2423 742 spe-

1302 748 1417 803 cifice
1447 763 1548 796 una,
1591 749 1660 786 sub
1690 763 1766 801 qua
1796 748 1935 786 infiniti
1966 747 2138 785 homines
2167 745 2423 799 comprehen-

1300 803 1469 849 duntnr3
1517 803 1584 855 qui
1613 812 1740 840 tamen
1767 802 1998 855 quibusdam
2043 799 2303 853 peculiaribus
2331 813 2418 853 pro-

1299 857 1527 911 prietatibus
1556 869 1718 894 numero
1747 857 1840 894 inter
1861 871 1898 894 se
1927 856 2234 906 distinguuntur,
2266 852 2312 896 ὅ(
2340 853 2420 893 sola

1300 913 1438 950 mentis
1467 919 1603 948 nostrae
1629 911 1852 962 cogitatione
1880 909 1995 947 simul
2039 908 2269 960 colliguntor
2299 908 2346 946 ad
2377 922 2419 946 u-

1300 980 1388 1004 nam
1417 966 1583 1017 speciem
1605 964 1932 1012 constituendam,
1961 977 2048 1016 qurc
2081 963 2203 1015 reipsa
2233 975 2308 1001 non
2339 964 2422 1000 exi-

1301 1021 1361 1059 stit
1404 1020 1477 1057 nisi
1508 1020 1548 1056 in
1592 1018 1828 1065 individuis,
1875 1026 2000 1056 nostro
2028 1016 2267 1068 intelligendi
2309 1017 2422 1054 modo

1301 1074 1413 1126 quasi
1443 1071 1728 1124 multiplicata.
1761 1071 1896 1110 Unitas
1917 1079 2042 1109 autem
2062 1073 2272 1108 numerica
2289 1099 2299 1118 ,
2328 1084 2421 1123 quae

1303 1128 1336 1164 ἃ
1365 1128 1627 1180 singularitas
1648 1126 1776 1165 vocari
1806 1134 1947 1177 potest,
1976 1139 2129 1162 omnem
2160 1137 2312 1177 prorsus
2331 1123 2419 1174 plu-

1301 1182 1488 1220 ralitatem
1522 1181 1714 1227 excludit5
1745 1179 1778 1216 8<
1802 1178 1884 1216 liaec
1915 1180 2109 1216 numerica
2127 1179 2246 1216 unitas
2274 1179 2416 1216 divinae

1298 1239 1469 1275 essentiae
1501 1236 1709 1280 tribuitur3
1757 1248 1846 1286 quae
1879 1234 1991 1271 unica
2019 1241 2070 1269 est
2100 1234 2139 1270 in
2169 1231 2288 1268 tribus
2317 1233 2416 1269 divi-

1297 1293 1355 1329 nis
1385 1291 1581 1344 personis3
1614 1297 1651 1326 ut
1682 1288 1841 1340 proinde
1871 1296 1989 1324 totum
2018 1287 2264 1324 sanctissima>
2287 1284 2416 1324 Trini==

1294 1346 1377 1384 tatis
1407 1345 1635 1397 mysterium
1665 1351 1764 1380 recte
1795 1343 1832 1380 in
1862 1340 2053 1393 Symbolo
2080 1339 2338 1377 Athanasiano
2359 1339 2418 1377 his

1294 1400 1430 1450 paucis
1472 1397 1601 1436 verbis
1643 1394 1915 1434 concludatur:
1969 1392 2020 1430 Ut
2058 1407 2182 1430 urnam
2211 1393 2346 1430 Deum
2375 1398 2416 1430 in*

1296 1451 1494 1490 Trinitate
1511 1482 1521 1499 ,
1551 1451 1600 1491 (9*
1634 1448 1874 1487 Trinitatem
1903 1452 1944 1485 in
1970 1445 2135 1485 Unitczte
2163 1460 2416 1486 veneremur.

1348 1505 1442 1552 406.
1474 1506 1586 1543 Hanc
1615 1504 1761 1542 divinae
1803 1503 1974 1541 essentiae
2018 1501 2345 1554 simplicissimam
2376 1515 2421 1539 u·

1294 1560 1449 1599 nitatem
1468 1590 1478 1607 ,
1510 1559 1542 1595 ἃ
1565 1557 1866 1609 singularitatem
1897 1554 2158 1593 substulerunt
2188 1568 2261 1592 non
2291 1555 2416 1593 solum

1295 1613 1581 1666 Polytheistae,
1629 1614 1696 1664 qui
1730 1612 1857 1664 plnres
1887 1611 1986 1648 Deos
2016 1610 2168 1662 specie,
2219 1608 2251 1644 8<
2283 1619 2415 1648 natura

1293 1669 1460 1707 diversos
1488 1666 1597 1711 stulte
1617 1666 1853 1713 adorabant,
1883 1664 1945 1702 sed
1976 1665 2090 1701 etiam
2110 1661 2308 1700 Tritlieitoe
2323 1665 2414 1716 qui,

1295 1729 1336 1759 ut
1363 1720 1595 1759 Sabellianis
1624 1734 1663 1758 se
1690 1734 1727 1757 se
1748 1726 2006 1771 opponerent,
2034 1716 2151 1755 simul
2173 1732 2262 1755 cum
2293 1717 2419 1755 tribus

1292 1775 1482 1813 distinctis
1512 1775 1653 1812 divinis
1681 1774 1849 1825 personis
1872 1780 1943 1809 tres
1973 1773 2088 1809 etiam
2116 1769 2265 1809 divinas
2294 1786 2416 1810 essen-

1293 1829 1363 1866 tias
1392 1827 1706 1879 distinguebant,
1737 1840 1824 1876 quae
1855 1836 1980 1863 tamen
2009 1824 2084 1861 sibi
2114 1825 2281 1875 perfecte
2309 1826 2417 1863 simi-

1292 1881 1346 1919 les
1376 1890 1520 1928 essent,
1571 1880 1604 1916 8<
1636 1879 1830 1931 aequales,
1879 1892 1923 1916 ac
1952 1877 2072 1915 veluti
2100 1879 2214 1915 unius
2244 1880 2416 1930 speciei3

1291 1934 1622 1988 quemadmodum
1653 1941 1726 1971 tres
1758 1932 1930 1970 homines
1976 1933 2073 1970 inter
2103 1945 2142 1969 se
2171 1945 2332 1970 numero
2360 1933 2416 1970 di-

1293 1991 1393 2037 visi,
1425 1990 1464 2027 in
1487 1988 1619 2026 eadem
1649 1996 1774 2024 tamen
1806 1987 1976 2024 humana
1997 1994 2129 2023 natura
2156 1987 2417 2026 conveniunt.

1290 2043 1391 2080 Vide
1420 2056 1508 2095 quae
1557 2042 1604 2080 de
1632 2041 1690 2078 JO.
1723 2039 1932 2091 Philopono
1962 2039 2078 2090 hujus
2121 2048 2232 2077 sectae
2263 2050 2418 2079 auctore

1295 2111 1411 2148 supra
1439 2096 1612 2133 diximus
1639 2093 1751 2131 Tom-
1776 2094 1822 2131 ΙΙ.
1851 2093 1954 2131 Diss.
1975 2093 2024 2130 II.
2054 2107 2094 2129 n.
2116 2091 2181 2131 65.
2214 2094 2279 2144 (α)
2296 2119 2307 2132 .

1347 2151 1441 2201 407.
1472 2149 1584 2187 Hunc
1621 2147 1702 2199 jam
1743 2146 1959 2185 obsoletum
1988 2145 2268 2184 Tritheitarum
2313 2162 2416 2186 erro-

1293 2217 1375 2243 rem
1406 2216 1529 2256 nuper
1558 2203 1737 2240 suscitare
1766 2202 1868 2239 visus
1899 2210 1949 2246 est
1966 2200 2017 2238 D.
2047 2199 2224 2238 Placidus
2239 2200 2417 2240 Sturmer

1292 2267 1422 2310 aperte
1451 2270 1620 2308 negans,
1652 2269 1769 2294 unam
1800 2255 1833 2291 ἃ
1854 2253 2086 2306 singularem
2116 2269 2193 2292 esse
2223 2256 2262 2292 in
2291 2256 2416 2294 tribus

1291 2313 1435 2350 divinis
1479 2312 1645 2364 personis
1683 2310 1908 2354 essentiam3
1957 2309 2021 2346 sed
2065 2309 2275 2361 unicuique
2304 2324 2412 2348 suam

1292 2366 1517 2418 propriam,
1548 2364 1582 2400 8<
1611 2364 1826 2402 distinctam
1855 2362 2050 2410 tribuens,
2097 2364 2254 2400 omnino
2283 2372 2413 2403 tamen

1288 2420 1486 2468 similem,
1518 2417 1551 2454 8<
1582 2417 1799 2471 aequalem.
1843 2416 1970 2464 Quam
2001 2416 2158 2468 quidem
2189 2431 2297 2455 suam
2326 2419 2411 2470 ορῐε

1288 2475 1440 2512 nionem
1471 2474 1608 2511 fatetur
1637 2486 1715 2510 esse
1733 2486 1754 2509 a
1784 2472 1982 2510 communi
2002 2469 2324 2509 scholasticorum
2345 2472 2411 2509 do-

1286 2530 1408 2566 ctrina
1435 2528 1603 2565 alienam
1621 2557 1631 2575 ,
1679 2524 1762 2564 vult
1804 2534 1930 2563 tamen
1960 2539 2044 2562 eam
2089 2539 2166 2563 esse
2195 2535 2312 2563 sanct.
2341 2524 2412 2564 Pa-

1286 2591 1392 2621 trum
1424 2582 1619 2620 traditioni
1649 2581 1802 2617 omnino
1823 2592 2055 2626 consonam,
2085 2588 2198 2631 atque
2228 2579 2275 2617 ad
2305 2594 2412 2619 arca·

1287 2651 1383 2675 num
1414 2644 1582 2683 sanctae,
1632 2633 1665 2669 ἃ
1697 2633 1905 2671 individuae
1937 2632 2136 2670 Trinitatis
2178 2635 2409 2686 mysterium

1291 2689 1565 2743 explicandum
1594 2689 1830 2740 aptissimam
1848 2717 1858 2735 ,
1890 2695 1930 2724 ut
1959 2701 1978 2724 e
2008 2686 2283 2735 densissimis,
2323 2690 2411 2740 qui-

1286 2744 1360 2784 bus
1389 2743 1569 2791 hactenus
1599 2741 1816 2782 involutum
1837 2742 1909 2780 fuit
1927 2772 1938 2790 ,
1967 2739 2162 2790 tenebris,
2193 2743 2242 2783 ἴθ’
2271 2740 2410 2780 obscu-

2284 2808 2358 2834 ris·

1290 2921 1357 2955 fert
1374 2942 1384 2961 ,
1427 2918 1486 2952 sed
1512 2919 1554 2952 ad
1582 2920 1752 2953 Joannem
1787 2919 1936 2952 alterum
1975 2926 2204 2961 cognomento
2229 2915 2410 2951 Asi-asna-

1289 2981 1364 3012 gum
1379 2990 1389 3008 ‚
1417 2967 1471 2998 vel
1493 2967 1765 3010 Asc-usnaghera
1780 2988 1790 3006 ,
1818 2966 1918 3010 cujus
1944 2975 2098 2996 errorem
2125 2964 2333 3006 Pliiloponus
2348 2963 2412 2996 de-

1287 3011 1500 3048 fendendum
1527 3014 1701 3058 suscepit.
1744 3013 1812 3057 Qui
1838 3014 1945 3045 etiam
1971 3008 2112 3051 subdit,
2139 3010 2205 3043 hac
2230 3009 2271 3043 de
2300 3023 2408 3045 cansa

1289 3063 1396 3095 fnisse
1425 3072 1541 3093 coram
1563 3057 2054 3094 patriarchaChateedonensi
2073 3055 2265 3102 quatriduo
2285 3056 2411 3101 dispu-

1288 3117 1402 3142 tatum
1418 3128 1428 3147 ‚
1468 3120 1506 3140 ac
1535 3106 1674 3140 demum
1702 3105 1961 3139 Tritlieitarum
1986 3103 2147 3137 hau-esim
2172 3102 2377 3137 (laumatam
2395 3126 2407 3135 ⁶

1287 3153 1456 3190 Earndem
1484 3164 1603 3199 postea
1628 3154 1811 3187 suscitavit
1830 3153 1915 3185 Sao.
1937 3152 1999 3185 XI.
2029 3152 2232 3184 Roscelinus
2252 3152 2287 3183 in
2314 3153 2410 3183 Con-

1289 3202 1370 3235 cilio
1396 3201 1630 3234 Svessionensi
1668 3211 1758 3232 anno
1789 3210 1889 3242 1092.
1917 3196 1958 3231 ad
1984 3197 2198 3242 palinodiam
2234 3206 2372 3230 coactus
2391 3217 2406 3236 5

1290 3252 1321 3281 ἃ
1359 3260 1376 3280 a
1403 3248 1436 3280 S·
1463 3248 1630 3281 Anselmo
1662 3247 1698 3279 in
1726 3246 1804 3279 Lib.
1831 3248 1874 3278 de
1900 3245 1980 3289 fide
2006 3243 2242 3278 Trinitatis...
2285 3251 2404 3275 eontra

1289 3290 1519 3337 blasphemius
1548 3294 1728 3333 Rzzzelini,
1771 3297 1843 3326 sive
1868 3292 2047 3325 Roscelini
2086 3293 2214 3324 acriter
2239 3289 2404 3321 confuta-

1289 3352 1345 3378 tus
1360 3364 1371 3374 .
1394 3339 1478 3376 vid.
1505 3342 1540 3375 S.
1555 3341 1711 3375 Anselmi
1724 3351 1829 3387 opera
1846 3351 1866 3374 a
1879 3339 2038 3375 P.Gabr.
2058 3335 2273 3373 Gerberonio
2286 3333 2402 3368 edita„
