2577 3633
298 188 380 231 156

226 296 254 315 ,‚
285 277 374 302 nam
395 292 407 310 ‚
451 261 486 297 δε
521 271 652 297 omnes
682 257 914 296 Arianorum
956 254 1214 306 blasphemias
1256 267 1345 291 con-

225 348 251 366 „
281 318 461 354 demnare
479 340 489 352 .
511 316 537 335 ‘⁶

278 369 344 421 94.
375 368 470 405 Haec
501 374 600 404 certe
629 366 720 403 tanti
751 364 928 417 ponderis
959 376 1034 400 esse
1064 361 1266 408 videntur,
1306 370 1345 398 ut

223 422 284 461 vel
328 422 406 459 sola
448 419 598 458 valeant
631 419 890 457 Ariminenses
919 415 1065 463 Patres,

221 476 272 513 ab
302 474 563 527 imprudentia
583 502 595 521 ,
625 473 674 510 ab
690 473 793 509 omui
814 471 948 509 saltem
979 469 1134 506 haeresis
1162 468 1345 519 suspicio-

222 543 268 566 ne
298 528 464 566 liberare
487 555 497 565 .
541 525 657 564 Plura
686 534 810 562 tamen
839 523 984 561 ibidem
1014 522 1055 559 S.
1086 521 1345 573 Hieronymus

224 581 442 630 subnectit,
474 590 512 619 ut
541 578 847 618 Ariminensium
877 577 996 614 fidem.
1026 575 1075 613 ab
1103 575 1206 611 omni
1237 575 1346 611 Aria-

221 649 284 674 nae
307 635 500 673 ‘haereseos
521 633 732 684 suspicione
762 632 927 668 eximat.
958 630 1030 666 Cui
1060 636 1347 679 consonatquo-

219 703 297 741 que
327 689 368 727 S.
400 688 628 739 Augustinus
659 687 769 736 epist.
791 684 856 736 95.
888 682 981 720 alias
1003 682 1069 728 48.
1099 681 1145 719 ad
1175 681 1345 718 Vincen-

219 745 318 780 tium
339 756 424 793 cap.
441 754 479 793 9.
498 770 508 788 ,
538 740 584 777 de
606 736 781 775 Patribus
803 737 1112 775 Ariminensibus
1141 736 1341 787 inquiens:

216 795 322 845 'Quis
351 798 460 832 enim
500 796 654 840 nesci-c,
704 792 769 829 illo
798 800 974 841 tempore
1019 789 1192 828 obscuris
1222 786 1341 824 serbis

221 848 365 885 multos
381 847 517 900 fuisse
547 846 701 884 delusos
719 875 729 895 ,
761 854 801 882 ut
820 852 1006 896 putarent
1023 874 1034 892 ,
1063 842 1132 881 hoc
1162 840 1269 880 credi
1289 838 1340 878 ub

217 903 384 939 Arianis
406 932 416 950 ,
446 898 547 953 quod
575 903 701 939 etiam
730 902 804 950 ipsi
831 895 1085 936 credebant?

274 957 341 1008 95.
371 955 446 993 Sed
478 963 665 1007 praeterea
693 954 809 991 etiam
839 952 997 991 Liberio
1028 947 1137 988 Rom.
1167 945 1341 986 Pontifici

218 1009 283 1060 (a)
303 1039 314 1057 ‚
358 1009 392 1046 &
422 1008 577 1061 Synodo
608 1006 882 1045 Alexandrinae
912 1005 1075 1058 praeside
1104 1004 1144 1041 S.
1174 1001 1342 1041 Athana-

219 1064 276 1100 sio
305 1076 401 1100 anno
423 1062 514 1101 562.
545 1061 750 1099 celebratae
782 1060 949 1112 perfecta
970 1089 982 1106 ,
1030 1068 1142 1110 atque
1184 1054 1342 1108 probata

216 1117 291 1154 fuit
313 1116 618 1154 Ariminensium
640 1113 794 1152 Patrum
817 1122 920 1152 recta
940 1112 1059 1156 fides;
1090 1108 1341 1163 quamobrem

215 1170 392 1207 omnium
425 1183 620 1207 vconsensu
663 1169 704 1206 in
743 1169 820 1206 suis
863 1166 1014 1205 sedibus
1044 1161 1339 1216 Episcopalibiis

217 1224 431 1262 conservati
462 1223 594 1269 fuere,
639 1235 715 1259 uno
753 1222 992 1259 dissentiente
1022 1217 1201 1256 Lucifero
1229 1215 1339 1253 Cala-

217 1278 368 1325 ritano,
398 1278 468 1330 qui
497 1285 598 1315 certe
627 1287 703 1313 non
734 1274 929 1325 religionis
957 1271 1037 1309 zelo
1065 1270 1340 1321 areliquorum

221 1332 407 1368 sententia
437 1332 611 1376 recessit,
642 1328 704 1365 sed
733 1328 825 1380 quia
848 1327 896 1363 ab
914 1326 1042 1362 eodem
1063 1324 1215 1375 Synodo
1243 1322 1342 1359 ordi-

218 1386 321 1422 natio
351 1382 503 1420 Paulini
533 1397 554 1419 a
583 1396 620 1419 se
650 1381 749 1418 facta
793 1382 831 1417 in
859 1379 1095 1430 Episcopum
1139 1374 1344 1414 Antioche-

221 1450 312 1473 num
343 1437 505 1473 minime
534 1434 697 1487 probata
726 1434 827 1470 fuit.
858 1432 916 1469 Ex
939 1430 995 1467 his
1019 1432 1132 1481 igitur
1160 1428 1341 1465 omnibus

220 1498 349 1541 aperte
379 1489 592 1535 evincitur,
624 1496 764 1525 rectam
796 1486 911 1523 fuisse
942 1483 1096 1521 Patrum
1119 1481 1340 1519 Ariminen-

218 1544 319 1581 sium
351 1542 495 1590 fidem,
525 1555 749 1594 quanquam
780 1539 828 1577 ab
857 1536 1252 1590 omniimprudentiae
1284 1534 1340 1572 la-

217 1596 267 1634 be
296 1597 451 1649 purgari
482 1597 642 1633 minime
671 1594 836 1647 possint·

273 1649 337 1702 96.
368 1648 461 1701 Ohj.
492 1651 619 1702 primo
651 1652 665 1699 (
696 1662 784 1686 cum
816 1646 997 1698 Basnagio
1045 1643 1091 1683 ad
1125 1658 1215 1682 ann.
1247 1643 1340 1694 559.

219 1718 330 1741 num.
358 1717 417 1741 12.
447 1704 490 1752 ).
528 1702 695 1741 Concedi
725 1702 883 1754 quidem
914 1708 1056 1752 potest,
1101 1695 1225 1736 Patres
1257 1697 1343 1735 Ari-

220 1760 409 1796 minenses
439 1757 629 1795 Arianum
659 1757 764 1793 virus
802 1756 933 1792 animo
974 1754 1133 1790 minime
1164 1751 1344 1789 imbibis-

219 1825 257 1848 se
274 1841 284 1859 ,
315 1821 462 1848 certum
493 1819 618 1848 tamen
651 1809 801 1847 videtur
818 1838 829 1855 ,
861 1808 1010 1844 eosdem
1030 1815 1161 1853 metu,
1194 1804 1253 1842 vel
1276 1815 1342 1841 tae-

222 1864 285 1902 dio
307 1866 421 1902 victos
450 1863 587 1900 haeresi
608 1863 763 1900 Arianae
786 1860 919 1898 saltem
949 1861 1112 1896 exterius
1134 1888 1144 1904 ,
1175 1857 1207 1894 8<
1224 1859 1343 1895 scien-

222 1926 278 1956 ter
307 1917 595 1967 subscripsisse.
645 1915 744 1952 Nam
782 1914 955 1951 eamdem
985 1912 1267 1950 Confessionem
1298 1910 1344 1947 fi-

223 1971 312 2017 dei,
343 1971 520 2008 dictatam
551 1984 573 2006 a
601 1967 737 2006 Marco
768 1966 968 2005 Arethusio
987 1995 997 2013 ,
1027 1979 1144 2017 quam
1176 1964 1283 2001 initio
1303 1972 1342 2001 ut

223 2023 444 2062 haereticam
475 2025 611 2060 merito
640 2020 874 2072 rejecerant,
906 2027 1031 2070 postea
1058 2031 1133 2055 non
1165 2018 1342 2068 ignoran-

217 2079 276 2116 tia
297 2077 484 2122 veritatis,
515 2076 576 2112 sed
598 2073 775 2112 humanis
805 2072 1004 2110 affectibus
1033 2072 1200 2122 superati
1220 2070 1344 2107 admi-

223 2138 375 2169 serunt.
408 2129 488 2165 Hoc
519 2127 689 2165 indicare
720 2126 870 2164 videtur
899 2126 979 2177 ipse
1008 2123 1199 2175 Sulpitius
1228 2123 1343 2160 Seve-

221 2198 287 2222 rus
317 2183 517 2234 inquiens:
560 2178 648 2218 Nec
677 2181 782 2217 ultra
810 2181 935 2216 nostri
972 2190 1195 2229 repugnare
1225 2178 1342 2224 ausi,

215 2239 312 2291 jam
343 2249 493 2286 quoquo
523 2233 641 2272 modo
655 2234 795 2287 finem
824 2231 936 2271 rebus
966 2235 1168 2281 imponere
1188 2233 1345 2282 cupien-

225 2301 306 2329 tes:
335 2289 405 2327 hoc
435 2297 488 2327 est
517 2302 553 2326 se
583 2288 746 2327 libenter
775 2287 902 2340 decipi
933 2288 1031 2338 passi
1061 2293 1171 2333 sunt,
1202 2294 1242 2322 ut
1263 2293 1345 2322 tan-

219 2345 312 2383 dem
342 2343 389 2381 ad
413 2343 559 2395 patrias
587 2343 688 2380 sedes
718 2355 888 2382 remeare
918 2348 1092 2392 possent.

278 2412 345 2450 97.
374 2396 489 2449 Hesp.
507 2427 518 2445 ,
547 2396 724 2448 quamvis
753 2395 884 2433 eadem
901 2392 1012 2446 plane
1028 2400 1119 2431 esset
1148 2391 1238 2429 fidei
1269 2391 1344 2429 for-

226 2450 336 2492 mula
355 2482 365 2500 ,
394 2465 512 2503 quam
533 2448 658 2488 Patres
686 2451 798 2489 initio
827 2448 1062 2500 rejecerant,
1090 2459 1189 2484 nova
1218 2454 1344 2483 tamen

224 2506 403 2559 quaedam
434 2503 676 2553 acciderant,
706 2516 871 2557 quorum
901 2516 1016 2540 causa
1044 2503 1085 2538 in
1107 2512 1272 2537 errorem
1291 2500 1345 2536 fa-

226 2560 301 2598 cile
330 2558 463 2596 induci
492 2566 664 2610 poterant
685 2584 695 2595 .
739 2556 922 2604 Scilicet,
959 2564 1001 2592 ut
1029 2555 1204 2606 superius
1233 2566 1346 2604 expo-

227 2615 398 2660 suimus,
443 2613 579 2650 Ariani
609 2611 874 2649 fraudulenter
904 2609 1061 2661 professi
1090 2616 1176 2645 sunt
1195 2637 1205 2655 ,
1235 2621 1273 2644 se
1303 2621 1346 2643 ea

231 2668 360 2704 onmia
388 2666 568 2703 damnare
589 2695 600 2713 ,
630 2679 718 2717 quae
739 2663 926 2702 Catholici
948 2660 1226 2707 exhorrebant,
1256 2673 1346 2698 cum

231 2722 364 2758 nostris
401 2718 515 2770 plane
545 2732 585 2756 re
613 2719 844 2765 consentire,
887 2716 921 2753 ἃ
951 2716 1075 2755 solum
1119 2713 1245 2753 verbis
1273 2714 1348 2751 dif-

232 2774 358 2819 ferre3
396 2781 508 2823 atque
537 2772 576 2809 id
607 2769 728 2810 unum
753 2773 933 2810 duntaxat
963 2783 1179 2823 exponere,
1209 2775 1248 2804 ut
1277 2780 1349 2806 vox

233 2823 395 2876 ἕμοέσιον
423 2834 602 2878 tanquam
633 2839 754 2874 nova,
793 2826 832 2863 in
863 2824 1071 2876 Scripturis
1100 2836 1172 2861 non
1202 2829 1348 2859 conten-

232 2886 268 2915 ta
287 2908 297 2925 ,
341 2878 374 2914 &
404 2893 492 2931 quae
521 2879 701 2917 scandalo
729 2878 922 2918 nonnullis
952 2887 1056 2927 erat,
1104 2878 1349 2914 reticeretur„

234 2931 334 2969 Hinc
363 2933 512 2985 decepti
541 2942 627 2971 sunt
656 2934 769 2970 nostri
795 2932 1057 2984 imprudentia
1085 2931 1242 2983 quidem
1263 2943 1351 2981 pec·

235 2995 357 3022 cantes
378 3016 388 3034 ,
431 2987 581 3039 quando
611 3000 692 3024 eam
724 2999 856 3026 vocem
886 2985 1079 3038 supprimi
1110 2985 1207 3036 passi
1238 2991 1350 3031 sunt,

237 3050 307 3075 non
336 3049 461 3078 autem
493 3042 532 3078 in
560 3039 738 3079 haeresim
768 3041 1067 3087 consentientes,
1097 3052 1185 3076 cum
1208 3037 1352 3074 formu-

234 3089 286 3127 'lae
319 3101 470 3131 externa
500 3096 626 3146 specie
655 3093 853 3133 catholicas
886 3092 1178 3145 subscripserint
1199 3117 1209 3129 .

292 3143 359 3196 98.
389 3145 516 3184 Verba
545 3158 673 3186 autem
695 3146 851 3199 Sulpitii
872 3146 1004 3184 Severi
1025 3155 1111 3183 sunt
1140 3143 1352 3196 intelligen-

239 3196 288 3233 da
328 3198 376 3234 ad
405 3212 555 3237 sensum
592 3202 819 3253 proprium,
867 3200 1009 3252 quibus
1050 3207 1354 3237 connectuntur.

242 3248 282 3288 V
279 3251 422 3301 alens,
452 3252 602 3304 inquit,
630 3255 679 3295 ἴθ’
704 3253 894 3292 Urs-acius
915 3251 1210 3302 affirmabant,
1251 3264 1355 3303 proe-

1115 416 1172 451 sin
1217 415 1366 452 minus-

980 172 1382 218 DISSERTATIO
1414 170 1493 217 IV.
1547 171 1674 216 CAP.
1707 169 1785 214 IV.

1416 261 1572 291 sentem
1590 250 1725 303 fidem
1754 246 1950 285 catholica
1977 248 2133 287 ratione
2161 256 2397 299 conceptam
2415 247 2529 286 .=..Sz‘

1412 306 1505 357 quid
1534 310 1665 342 minus
1693 303 1806 352 plene
1842 306 2029 352 praesenti
2064 302 2155 354 fide
2197 302 2344 340 editum
2383 301 2530 340 videre-

1412 369 1474 396 tur
1490 389 1500 407 ,
1531 362 1602 408 ipsi
1622 356 1815 394 adderent
1832 385 1842 404 ,
1872 367 1960 406 φασι·
1976 353 2164 392 addenda
2193 365 2400 405 putarent,
2421 368 2525 406 proe-

1413 412 1556 450 bitures
1585 425 1628 448 se
1657 413 1698 447 ιή
1727 408 1806 457 his,
1849 421 1938 459 quae
1966 417 2097 445 essent
2126 408 2317 460 adjecta,
2361 422 2528 448 consen-

1413 480 1502 504 sum
1521 492 1530 503 .
1561 462 1804 502 Farorubz'lis
1833 459 2024 513 professio
2051 465 2186 510 pronis
2223 467 2402 501 omnium
2437 466 2527 501 uni·

1412 524 1490 557 mis
1519 527 1722 568 except‹z;
1765 527 1838 553 nec
1877 515 1983 552 ultra
2023 528 2248 566 repugnare
2276 520 2365 553 ausi
2385 543 2400 564 5
2432 518 2530 569 jam

1413 585 1563 623 quoquo
1593 570 1710 608 morlo
1741 569 1880 623 finem
1909 567 2022 606 rebus
2059 572 2262 619 imponere
2301 572 2529 621 cupientes.

1413 626 1511 664 Sunt
1540 627 1630 663 item
1661 623 1745 661 haec
1777 622 1893 661 verba
1921 636 2010 660 cum
2041 623 2087 660 iis
2115 623 2410 675 conjungenda,
2439 637 2530 675 quae

1412 678 1544 731 paullo
1574 687 1655 730 post
1676 686 1914 729 sequuntur:
1945 675 2011 712 Ιτιι
2033 685 2178 714 neutra
2206 690 2302 727 pars
2332 679 2467 714 vicisse
2487 689 2531 714 se

1411 735 1564 783 penitus
1582 762 1592 779 ‚
1636 740 1706 768 aut
1735 734 1880 768 rictam
1910 738 2050 780 putare
2078 740 2231 779 poterat
2252 761 2263 779 ,
2305 734 2399 782 quia,
2417 729 2531 782 fides

1410 790 1497 836 ipsa
1525 798 1595 835 pro
1626 785 1818 832 Arianis,
1861 783 2128 835 professiones
2169 793 2307 836 postea
2354 784 2531 833 adjectae

1407 853 1481 891 pro·
1506 843 1651 876 uostris
1680 846 1799 877 erant
1815 868 1826 886 ,
1862 846 2009 888 prceter
2038 838 2151 874 illam
2169 867 2179 886 ,
2222 851 2346 890 quam
2379 836 2531 875 Valens

1408 892 1702 946 subjunxerat,
1739 904 1829 943 quoe.
1858 900 1942 928 turn
1972 892 2202 940 intellecta,
2251 905 2339 930 sero
2368 891 2533 929 demum

1409 946 1699 985 animadversa
1730 954 1811 983 est.
1854 945 2051 983 Nimirum
2083 944 2224 983 Valens
2262 945 2349 984 aliis
2377 945 2532 984 anathe-

1409 1002 1596 1053 matismis
1624 999 1725 1038 hunc
1756 1000 1868 1037 etiam
1899 998 2057 1036 subdole
2100 1000 2333 1039 immiscuit:
2376 999 2419 1036 Si
2446 1003 2532 1052 quis

1411 1054 1559 1092 dixerit
1599 1063 1832 1092 creaturam
1862 1051 2006 1089 Filium
2036 1052 2136 1101 Dei,
2180 1062 2219 1090 ut
2265 1062 2357 1092 sunt
2386 1062 2532 1093 cetero:

1411 1118 1629 1156 creaturae,
1674 1105 1900 1145 anathema
1947 1110 2028 1150 επ,-
2071 1120 2148 1158 quo
2177 1121 2251 1146 non
2294 1106 2532 1159 negabatur,

1411 1158 1561 1200 Filium
1592 1162 1666 1199 Dei
1697 1175 1773 1198 esse
1814 1168 2027 1197 creaturam
2047 1189 2058 1206 ,
2100 1161 2163 1198 sed
2193 1161 2315 1199 solum
2358 1160 2532 1213 ejusdem

1408 1216 1562 1252 rationis
1586 1244 1596 1262 ,
1634 1228 1677 1252 ac
1706 1222 1842 1252 ceterae
1873 1222 2056 1250 creaturae
2087 1223 2195 1252 sunt.
2244 1214 2373 1253 Verba
2402 1215 2532 1267 itaque

1412 1268 1480 1306 illa
1509 1267 1690 1319 Sulpitii:
1727 1268 1821 1319 jam
1851 1279 2001 1316 quoquo
2032 1266 2148 1303 modo
2178 1267 2248 1306 ἃς.
2281 1268 2377 1307 nihil
2423 1268 2533 1306 aliud

1411 1322 1632 1375 significant
1661 1321 1734 1357 nisi
1764 1321 2068 1371 suppressionem
2105 1320 2207 1357 vocis
2238 1322 2403 1366 ὁμούσιον
2425 1351 2436 1370 ,
2465 1323 2530 1361 cui

1412 1375 1670 1427 suppressioni
1701 1374 1814 1411 inviti
1843 1380 2137 1420 consenserunt,
2168 1381 2207 1410 ut
2236 1372 2353 1410 rebus
2377 1375 2530 1413 tandem

1412 1428 1528 1466 finem
1561 1431 1824 1480 imponerent.

1463 1495 1528 1534 99.
1559 1483 1646 1520 Inst.
1676 1481 1929 1534 Supprimere
1958 1493 2092 1517 vocem
2124 1478 2293 1529 ὁμσέσιον
2324 1480 2427 1518 idem
2448 1479 2532 1533 pla-

1407 1549 1457 1572 ne
1486 1545 1593 1584 erat,
1625 1549 1669 1573 ac
1697 1533 1917 1573 Concilium
1938 1533 2145 1572 Nicaenum
2173 1533 2384 1582 damnare,
2414 1549 2436 1572 a
2455 1547 2534 1588 quo

1408 1587 1494 1628 haec
1523 1603 1623 1638 vox,
1654 1598 1851 1641 tamquam
1882 1586 1972 1625 fidei
2002 1596 2164 1635 tessera,
2205 1587 2384 1626 adversus
2419 1589 2531 1628 Aria-

1409 1657 1473 1682 nos
1502 1645 1626 1682 fuerat
1655 1651 1869 1681 consecrata
1887 1667 1898 1679 .

1473 1712 1560 1736 loo.
1591 1697 1704 1748 Hesp.
1733 1710 1775 1733 re
1817 1696 1974 1748 quidem
2005 1696 2056 1733 ita
2099 1695 2242 1743 fuisse,
2284 1696 2347 1734 sed
2375 1709 2451 1734 non
2480 1697 2534 1735 ita.

1412 1748 1588 1790 Patribus
1620 1750 1928 1788 Ariminensibus
1972 1750 2124 1787 visum.
2170 1750 2269 1787 Cum
2310 1750 2419 1787 enim.
2440 1749 2534 1788 fidei

1415 1806 1687 1857 professionem
1729 1804 1853 1855 specie
1895 1805 2050 1841 omnino
2077 1801 2307 1841 catholicam
2337 1802 2371 1838 8(
2400 1818 2532 1841 sariam

1413 1858 1638 1896 exhiberent
1667 1857 1822 1901 Ariani3
1852 1855 1886 1891 &
1907 1869 1995 1892 cum
2027 1855 2185 1893 ulterius
2214 1857 2254 1893 in
2282 1858 2359 1894 suis
2378 1856 2532 1894 anathe-

1414 1912 1600 1949 matismis
1644 1918 1911 1948 execrarentur
1954 1907 2213 1960 blasphemias
2254 1909 2375 1958 Arii,
2417 1919 2533 1962 atque

1412 1963 1561 2002 Photini
1579 1994 1590 2012 ,
1620 1965 1826 2016 omniaque
1856 1970 1956 2000 recto
1983 1971 2096 2015 atque
2125 1962 2330 2001 orthodoxo
2357 1978 2464 2001 sensu
2494 1978 2534 2002 se

1411 2019 1582 2070 recipere
1611 2018 1893 2068 praedicarent,
1923 2027 2149 2054 censuerunt
2177 2018 2321 2065 nostri,
2365 2026 2532 2056 tantum-

1411 2072 1524 2110 modo
1553 2072 1598 2110 de
1629 2084 1719 2110 voce
1748 2072 1999 2123 quaestionem
2029 2071 2204 2119 institui,
2234 2083 2309 2108 non
2339 2080 2465 2109 autem
2487 2072 2534 2110 de

1411 2138 1548 2173 sensu,
1591 2124 1625 2161 &
1654 2126 1693 2162 vi
1722 2125 1842 2175 ipsius
1879 2124 2002 2162 vocis.
2051 2124 2317 2172 Quamobrem
2359 2125 2535 2164 arbitrati

1410 2188 1524 2224 sunt,
1568 2175 1718 2215 nullam
1762 2177 1895 2215 inferri
1924 2176 2095 2214 Concilio
2123 2178 2283 2214 Nicaeno
2325 2177 2534 2228 injuriam,

1414 2232 1445 2268 si
1466 2231 1637 2280 ὃμοέσιον
1658 2232 1983 2281 supprimeretur,
2013 2229 2221 2267 dummodo
2241 2229 2443 2268 incolumis
2459 2245 2535 2269 ser-

1417 2294 1570 2323 varetur
1601 2281 1773 2333 ejusdem
1803 2281 1968 2321 Concilii
1999 2282 2090 2320 fides
2112 2310 2123 2321 .
2153 2282 2342 2322 Audiatur
2369 2283 2410 2322 S.
2441 2284 2537 2322 Hie-

1415 2351 1598 2391 ronymus
1628 2339 1668 2375 in
1698 2351 1813 2389 supra
1842 2337 1947 2375 laud.
1977 2335 2179 2390 Dialogo.
2216 2335 2281 2375 De
2308 2341 2404 2375 usioe
2446 2350 2536 2376 vero

1415 2395 1578 2430 nomine
1607 2390 1832 2444 abjiciendo
1862 2391 2081 2428 verisimilis
2109 2395 2212 2429 ratio
2230 2390 2476 2442 praebebatur
2492 2417 2538 2432 m

1413 2446 1562 2498 placuit
1592 2443 1769 2498 auferri:
1807 2458 1888 2482 non
1917 2453 2006 2482 erat
2033 2457 2134 2483 cura
2161 2444 2370 2496 Episcopis
2398 2445 2447 2484 de
2474 2459 2536 2484 vo-

1415 2499 1581 2548 cabulo,
1612 2512 1702 2536 cum
1719 2512 1858 2537 sensus
1878 2507 1981 2537 esset
2009 2501 2169 2537 intuto.
2200 2499 2390 2538 Audiatur
2419 2501 2535 2542 etiam

1415 2554 1455 2592 S.
1487 2552 1718 2591 Athanasius
1747 2554 1788 2590 in
1817 2552 1937 2592 Libro
1965 2552 2014 2590 de
2042 2552 2245 2605 Synodz's,
2283 2553 2350 2591 ubi
2380 2554 2506 2607 inquit
2524 2565 2538 2591 :a

1418 2605 1559 2655 Viros,
1603 2611 1667 2657 qui
1695 2607 1781 2644 alia
1824 2605 1983 2657 quidem
2025 2610 2163 2645 omnia
2193 2605 2350 2645 Ntcaeae
2385 2612 2535 2658 scripto

1417 2664 1635 2711 recipiunt,
1679 2659 1727 2699 (le
1755 2661 1837 2698 solo
1866 2669 2004 2698 autem
2046 2660 2395 2699 ccnsubstantz‘czlis
2423 2674 2535 2701 vocas

1419 2714 1505 2751 bulo
1526 2713 1761 2768 ambigunt,
1792 2727 1873 2751 non
1891 2723 1932 2750 ut
1962 2717 2142 2757 inimicos
2162 2719 2335 2766 spectari
2347 2728 2424 2767 par
2451 2710 2536 2758 θεῖς

1418 2780 1498 2804 non
1527 2772 1636 2806 enim
1678 2778 1719 2806 ut
1747 2768 2027 2806 Ariomam‘tas
2069 2768 2320 2808 adversarios
2361 2767 2544 2806 homines*

1419 2822 1679 2873 aggreditur,
1724 2821 1795 2860 secl
1831 2821 2079 2874 disputamus
2117 2824 2230 2861 veluti
2254 2821 2417 2874 fratres
2445 2833 2540 2857 cum

1407 2874 1629 2927 fratribus,
1659 2880 1723 2928 qui
1743 2875 1886 2914 eadem
1903 2906 1914 2925 ,
1944 2890 2025 2928 qua
2053 2889 2127 2914 nos
2148 2906 2159 2925 ,
2187 2885 2278 2913 sunt
2306 2878 2536 2922 sententia,

1420 2929 1502 2966 solo
1531 2934 1694 2967 nomine
1723 2934 1764 2968 ιή
1794 2934 2104 2967 controversiam
2133 2928 2303 2966 adducto
2324 2954 2335 2966 .
2365 2928 2467 2966 Hinc
2497 2941 2536 2965 e-

1420 2983 1513 3019 tiam
1543 2983 1670 3021 Julius
1701 2983 1810 3022 Rom.
1845 2983 2017 3021 Pontifex
2047 2995 2091 3019 ex
2120 2982 2294 3032 prudenti
2324 2983 2538 3019 oeconomia.

1419 3035 1650 3085 Ursacium,
1681 3036 1714 3073 8<
1744 3036 1941 3075 Valentem
1973 3045 2120 3073 externe
2149 3036 2366 3087 resipientes
2393 3035 2441 3072 ad
2460 3034 2536 3073 Ec-·

1420 3088 1547 3127 clesiae
1577 3093 1886 3129 communionem
1917 3090 2085 3140 recepit,
2115 3090 2293 3140 quamvis
2322 3091 2363 3127 in
2392 3087 2528 3126 libello

1422 3141 1587 3194 supplici
1619 3146 1633 3193 (
1664 3145 1731 3196 qui
1763 3143 1922 3181 habetur
1952 3144 1990 3179 in
2014 3141 2199 3193 Apologia
2226 3142 2266 3181 S.
2297 3141 2533 3190 Athanasii)

1422 3209 1554 3236 vocem
1586 3195 1751 3245 ὁμοέσιον
1781 3197 2114 3249 praetermiserint.
2144 3195 2312 3235 Vide-sis
2330 3196 2418 3236 Nat.
2447 3195 2534 3236 Ale·

1423 3249 1612 3289 xandrum
1640 3250 1681 3288 iu
1709 3249 1867 3289 Dissert.
1890 3248 1979 3288 XV.²
2011 3251 2048 3288 in
2078 3248 2268 3289 Saec.1V.

2416 3315 2484 3343 101

291 3435 338 3472 (a)
369 3431 458 3467 Vide
495 3433 529 3467 S.
555 3433 732 3468 Hilarium
770 3435 806 3469 in
833 3435 1050 3480 Fragmentis
1093 3447 1189 3469 num.
1216 3435 1296 3470 XII.
1322 3436 1355 3468 <Sc
1379 3441 1498 3469 notam
1521 3433 1568 3473 (b)
1592 3429 1747 3467 Editoris
1773 3433 1928 3466 Maurini
1948 3456 1956 3463 .
