2577 3633
269 130 347 157 i22

205 197 401 234 ηιιεηιηῑ,
430 185 673 235 reliquissent
692 211 702 229 ,
731 191 851 231 quam
883 181 916 214 si
944 189 1037 213 earn
1067 175 1172 211 nullo
1202 182 1300 211 tem-

201 258 293 296 pore
308 244 519 279 tenuissent
532 264 541 274 .
572 236 678 274 Hanc
695 246 782 271 vero
796 232 1017 283 opinionem
1034 257 1043 276 ‚
1074 241 1161 279 quae
1179 229 1299 265 scien-

202 302 264 335 tiae
294 294 431 332 mediae
461 290 653 344 systemati
673 295 747 326 tota
776 284 977 329 inuititur,
1007 294 1077 318 uon
1105 281 1231 332 rejicit
1259 280 1299 319 S.

201 350 367 388 Doctor.

251 400 346 438 Δ250.
376 397 488 450 Resp.
514 394 558 435 S.
581 393 829 446 Augustinum
855 387 953 425 hanc
982 387 1205 425 sententiam
1226 387 1301 424 ini-

201 456 305 493 nime
334 452 524 504 adoptasse
543 479 553 498 ‚
584 448 646 487 sed
675 461 717 483 ea
738 441 995 481 tantummodo
1023 454 1132 478 usum
1162 441 1300 488 fuisse,

201 517 382 559 tanquam
412 510 629 555 argumento
657 499 702 536 ad
733 497 926 533 homiuem
944 524 953 541 ,
998 503 1036 531 ut
1064 494 1301 539 ostenderet,

201 575 245 599 ea
266 561 385 596 etiam
416 558 532 608 posita
550 585 560 603 ,
590 549 983 601 semipelagianorum
1004 560 1170 584 errorem
1197 558 1303 583 ever-

203 614 233 650 ti
251 642 260 659 ‚
304 612 375 664 qui
404 605 817 650 comminiscebantur,
847 601 974 639 Deum
1004 614 1133 652 poenas
1162 599 1210 637 ab
1240 599 1304 635 ho-

206 665 376 704 miuibus
418 673 609 712 reposcere
650 656 804 708 propter
834 668 877 691 ea
921 663 1102 706 peccata,
1150 654 1188 690 in
1218 664 1304 703 quae

204 731 267 756 eos
294 717 463 768 lapsuros
489 711 693 765 praevidit,
734 710 766 746 si
796 707 1004 758 longiorem
1033 708 1150 745 vitam
1172 705 1307 742 duxis—

205 780 308 814 seut;
339 768 435 804 unde
463 764 611 803 subdit:
649 767 690 801 in
718 774 798 813 qua
824 763 1023 798 sententia
1052 759 1153 796 docti
1181 757 1304 794 liomi-

208 827 289 870 nis,
317 821 367 861 (ἲ)
387 817 605 857 admodum
634 819 769 854 acuti.
786 841 795 852 .
813 841 824 849 .
841 840 852 851 .
881 813 972 865 quiri
993 826 1057 850 me
1087 815 1228 849 attinet
1251 810 1306 847 tlt-

205 887 322 922 cere,
351 886 443 910 cum
470 872 520 913 <9¹
549 875 637 920 ipsa
665 868 772 906 nobis
796 867 855 905 act
884 866 944 915 ici,
991 865 1089 917 quod
1117 868 1275 917 agimus
1297 893 1308 911 ,

207 926 451 979 suffragetur
466 924 490 962 Ρ
518 924 630 972 Quod
651 923 807 961 uberius
835 919 1028 966 declarat,
1058 920 1149 970 quia
1170 917 1309 954 tibera-

202 985 254 1019 tto
282 995 304 1018 a
348 981 502 1017 ⁴raviore
522 976 718 1029 apostasiae
749 973 886 1012 scelere
916 971 1065 1010 nullum
1097 972 1210 1008 fuisse
1229 969 1310 1022 'sy-

209 1035 276 1071 riis
292 1063 303 1082 ,
333 1047 366 1069 o<
387 1033 552 1070 Sidoniis
572 1029 804 1068 beneficium
823 1057 832 1075 ,
862 1027 894 1064 si
912 1056 922 1074 ,
954 1035 991 1062 ut
1012 1024 1223 1062 delirabant
1245 1024 1309 1060 Se-

206 1086 453 1138 mipelagiani
471 1114 482 1133 ,
512 1084 684 1121 homines
705 1083 818 1118 etiam
847 1087 1087 1131 peccatorum
1106 1108 1115 1125 ,
1145 1090 1232 1129 quae
1255 1076 1310 1112 fa-

207 1141 306 1178 cturi
333 1146 479 1185 essent,
510 1150 642 1190 poenas
671 1134 775 1171 luere
803 1133 1007 1171 deberent.
1035 1130 1206 1168 Ulterius
1234 1141 1309 1166 non

206 1195 294 1231 satis
323 1200 481 1243 apparet
508 1203 554 1227 ex
582 1188 732 1227 laudato
761 1186 800 1225 S.
831 1187 988 1237 August.
1017 1183 1102 1221 loco
1120 1213 1130 1230 ,
1178 1196 1224 1219 an
1253 1181 1310 1218 di-

213 1254 381 1298 sputator
410 1243 476 1281 ille
505 1241 740 1287 catholicus,
783 1239 891 1289 cujus
920 1238 1137 1290 opinionem
1167 1236 1310 1282 refert,

203 1298 420 1351 putaverit,
451 1296 617 1348 Tyrios,
647 1307 690 1331 ac
711 1293 884 1330 Sidonios
913 1306 934 1329 a
957 1291 1038 1328 Deo
1070 1290 1183 1327 fuisse
1213 1301 1312 1340 prae·

207 1354 307 1390 visos
334 1363 402 1402 per
424 1351 619 1387 scientiam
649 1346 816 1383 mediam
846 1360 868 1383 a
898 1344 972 1382 ficte
990 1343 1236 1388 discessuros,
1266 1353 1312 1378 au

209 1406 248 1443 in
277 1405 352 1440 suis
373 1403 530 1439 decretis
558 1400 816 1451 permissivis,
846 1407 885 1435 ut
915 1396 1123 1433 Thomtstae
1153 1396 1313 1431 docent.

267 1456 356 1494 251.
387 1455 462 1491 Ob.
491 1455 623 1499 tertio,
653 1451 693 1488 S.
724 1451 865 1487 Doctor
894 1449 941 1486 sie
970 1447 1152 1498 praedest.
1183 1454 1313 1483 sanct.

210 1523 245 1547 c.
271 1522 331 1546 10.
361 1508 506 1558 inquit:
535 1512 658 1556 potest
679 1511 814 1540 autem
844 1514 928 1539 esse
948 1504 1034 1537 siue
1053 1498 1314 1551 proedestina-

209 1567 314 1599 itone
343 1561 621 1611 praescientia.
650 1555 835 1607 Magistro
863 1567 929 1592 suo
957 1553 1199 1591 subscribunt
1227 1551 1315 1589 Pro·-

211 1628 312 1666 sper.
342 1616 380 1650 in
412 1626 509 1664 resp.
535 1611 596 1650 15.
626 1608 680 1647 ad
707 1608 859 1661 objecta
893 1606 1103 1644 Gallorum
1125 1636 1135 1654 ,
1166 1606 1199 1642 8<
1223 1604 1316 1643 Ful-

212 1669 358 1719 gentius
378 1666 465 1704 Lib.
488 1666 517 1703 Ι.
548 1663 601 1701 ad
630 1662 861 1700 Monz'mum
882 1675 966 1711 cap.
990 1673 1053 1710 29.
1082 1660 1187 1709 atqui
1218 1672 1318 1708 prae-

213 1721 370 1758 scientia
389 1748 399 1765 ,
428 1732 515 1770 quae
545 1726 596 1754 est
625 1717 701 1753 sine
730 1714 1088 1766 praedestinatione,
1118 1721 1169 1747 est
1197 1713 1318 1747 scien-

215 1775 268 1811 tia
298 1772 448 1809 media:
477 1783 594 1818 ergo.
625 1766 761 1804 Adhuc
787 1764 929 1802 ⁴clarius
950 1764 1078 1800 Sauct.
1101 1762 1210 1799 Joau.
1239 1762 1319 1798 Da-

218 1837 413 1863 mascenus
434 1822 524 1861 Lib.
542 1821 589 1858 ΙΙ.
619 1818 666 1856 (le
683 1817 772 1868 fide
791 1816 1011 1855 orthodoxa
1044 1830 1128 1866 cap.
1153 1815 1217 1852 5ο.
1248 1823 1319 1851 sta-

217 1879 288 1915 tuit
310 1878 435 1914 Deum
453 1904 462 1921 ‚
493 1877 631 1911 omnia
659 1870 814 1922 quidem
843 1873 1026 1919 proescire
1043 1898 1053 1915 ,
1084 1866 1152 1904 sed
1180 1880 1260 1903 non
1280 1880 1320 1904 o-

218 1934 333 1969 mnia
361 1927 609 1979 praedefinire
626 1952 636 1963 .
666 1924 832 1961 Proesczt
853 1926 959 1959 enim
981 1925 1103 1958 etiam
1133 1933 1202 1967 ea,
1233 1932 1320 1971 quae

217 1988 259 2022 in
285 1991 427 2019 nostra
455 1988 671 2031 potestate,
701 1978 750 2018 ἔθ’
779 1975 936 2015 arbitrio
964 1984 1081 2022 sunt,
1109 1983 1153 2014 at
1183 1986 1262 2010 non
1292 1976 1321 2010 i-

220 2047 298 2074 tem
329 2049 379 2072 ea
408 2033 606 2085 praefinit.

275 2089 364 2127 252.
396 2087 505 2138 Hesp.
534 2086 574 2124 S.
605 2085 806 2122 Doctorem
849 2079 956 2132 loqui
998 2079 1044 2116 de
1079 2078 1321 2128 praescientia

220 2150 460 2195 peccatorum
478 2169 488 2185 ,
517 2152 604 2190 quae
621 2137 724 2174 Deus
739 2148 810 2172 non
833 2133 1162 2185 praedeterminat,
1193 2146 1316 2184 quan-

221 2205 302 2233 tum
332 2195 377 2231 ad
406 2190 593 2231 malitiam
612 2220 622 2237 ,
653 2190 715 2227 sed
745 2188 927 2239 permittit
956 2185 1243 2232 tantummodo,
1286 2184 1320 2220 8<

222 2248 402 2299 praescit,
431 2258 504 2282 nou
525 2244 680 2296 quidem
709 2255 780 2294 ope
809 2241 973 2278 scientiae
1002 2239 1167 2286 mediae,
1196 2238 1260 2276 sed
1280 2239 1321 2274 in

222 2301 377 2338 decretis
407 2312 483 2336 suae
514 2296 717 2335 voluntatis
745 2297 940 2344 positiviS,
969 2300 1154 2344 quantum
1183 2291 1232 2328 ad
1260 2304 1322 2327 en-

222 2355 363 2391 titatem
382 2381 391 2399 ,
422 2351 454 2386 &
475 2352 515 2388 in
544 2351 778 2402 permissiris
794 2378 805 2396 ,
835 2355 1022 2398 quantum
1043 2345 1089 2382 ad
1106 2344 1322 2383 malitiam.

224 2406 333 2444 Clare
363 2406 528 2456 seipsum
558 2402 749 2454 explicat,
795 2402 848 2437 ita
877 2410 1126 2450 prosequens:
1172 2396 1322 2446 proede-

221 2462 434 2497 stinatioue
453 2461 588 2509 quippe
609 2455 717 2493 Deus
745 2467 795 2491 ea
822 2455 1015 2503 praescivit
1036 2481 1046 2499 ,
1075 2463 1160 2500 quoe
1176 2448 1323 2501 fuerat

225 2518 305 2562 ipse
322 2511 511 2564 facturus
528 2524 539 2546 :
570 2509 671 2547 uncie
692 2508 838 2545 (lictum
866 2515 923 2543 est
944 2504 1065 2543 Isatae
1084 2501 1211 2541 XLV.
1234 2505 1249 2553 (
1269 2516 1324 2539 se-

226 2567 393 2603 cundum
423 2578 517 2602 vers.
539 2562 664 2603 LXX.
695 2560 861 2614 )secit,
908 2572 997 2610 quae
1013 2557 1161 2610 futura
1200 2564 1288 2593 sunt
1310 2569 1323 2592 .·

229 2622 415 2669 praescire
443 2626 579 2655 autem
608 2625 744 2667 potens
773 2623 830 2652 est
858 2616 984 2650 etiam
1013 2624 1100 2662 quoe
1136 2615 1216 2660 ipse
1244 2622 1326 2645 non

216 2670 328 2723 jacit
346 2701 356 2718 ,
385 2674 480 2706 sicut
499 2681 751 2721 quoecumque
780 2676 974 2720 peccata.
1004 2665 1053 2703 Et
1081 2665 1202 2716 pergit
1231 2662 1325 2699 ulte-

228 2727 306 2763 rius
337 2722 520 2775 exemplis
548 2724 761 2769 ostendere,
810 2722 893 2758 ideo
920 2720 1050 2756 onmia
1085 2718 1185 2755 bona
1212 2729 1328 2767 opera

227 2786 353 2816 nostra
382 2790 458 2813 esse
488 2777 615 2813 futura
634 2805 644 2822 ,
687 2777 778 2826 quia
807 2774 912 2811 Deus
942 2786 985 2809 ea
1014 2770 1327 2823 praedestinavit,

229 2840 269 2867 ut
298 2831 441 2867 mirum
471 2830 542 2875 sit,
572 2829 811 2866 Adversarios
841 2825 909 2864 hoc
938 2825 1021 2862 loco
1051 2824 1184 2872 abuti,
1229 2822 1328 2859 unde

232 2893 352 2920 nostra
382 2884 563 2920 sententia
591 2879 888 2918 luculentissime
916 2878 1165 2915 confirmatur
1185 2902 1196 2914 .
1225 2876 1329 2913 Idem

233 2936 434 2972 dicendum
466 2936 512 2972 ad
532 2935 613 2972 loca
641 2933 789 2984 objecta
809 2933 937 2970 Sancti
959 2930 1128 2983 Prosperi
1146 2958 1156 2978 ,
1187 2930 1219 2966 δε
1240 2928 1331 2966 Ful-

234 2989 348 3037 gentii
367 3014 376 3024 .
423 2990 598 3025 Ceterum
627 2988 723 3039 ipsos
753 2995 854 3024 actus
884 2985 1032 3032 malos,
1070 2992 1256 3037 quantum
1285 2981 1333 3019 ad

234 3042 420 3077 entitatem
445 3041 643 3092 physicam
661 3070 670 3088 ,
701 3054 786 3091 quaa
809 3038 956 3090 aliquid
976 3037 1077 3075 reale
1107 3046 1186 3084 est,
1217 3052 1238 3073 a
1254 3035 1334 3073 Deo

235 3096 276 3130 in
307 3095 381 3129 suis
410 3094 562 3132 decretis
584 3095 753 3145 cognosci
772 3123 782 3140 ,
813 3093 943 3130 inultis
963 3091 1195 3142 argumentis
1215 3098 1334 3126 osten-

237 3147 275 3183 di
305 3145 415 3182 facile
444 3156 585 3196 posset,
615 3147 774 3184 simodo
804 3145 872 3183 hac
900 3147 946 3183 de
967 3159 1005 3181 re
1034 3154 1227 3195 ageretur.
1257 3142 1335 3180 Da-

238 3200 403 3235 masceiti
447 3208 569 3234 autem
600 3199 715 3236 verba
754 3200 803 3235 ita
842 3199 1007 3249 explicat
1036 3198 1076 3236 S.
1108 3196 1274 3233 Thomas
1304 3195 1334 3232 I.

240 3249 280 3287 P.
302 3259 435 3301 qufflst.
452 3251 514 3287 25.
545 3259 614 3298 art.
637 3264 668 3286 1.
691 3252 735 3286 iul
762 3264 817 3286 1.·.
839 3281 864 3298 ‚3
888 3252 1148 3288 Damascenus
1167 3249 1337 3287 nominat

244 3333 269 3351 „
299 3304 732 3355 practlcterininationein
764 3307 1050 3351 imposirz‘smem
1079 3304 1338 3349 necessitati,

924 91 1323 143 DISSERTATIO
1357 92 1433 137 IV.
1468 90 1596 136 CAP.
1631 89 1690 134 X.

1369 203 1394 223 ‚,
1423 173 1517 210 sicut
1547 179 1596 209 est
1626 173 1664 209 in
1693 167 1807 207 rebus
1832 167 2100 218 naturalibus,
2142 182 2229 222 quae
2261 177 2344 208 sunt
2371 181 2471 222 praeae

1369 255 1396 275 „
1424 225 1681 263 determinatae
1703 222 1751 260 ad
1780 236 1898 260 unum
1916 248 1927 260 .
1956 223 2067 271 Quod
2085 233 2182 275 patet
2201 237 2246 260 ex
2276 236 2341 271 eo,
2369 223 2472 275 quod

1369 303 1396 328 9,
1426 278 1577 316 subdit:
1606 288 1686 313 non
1713 278 1822 312 enim
1851 277 1926 314 vult
1955 277 2154 313 malitiam
2173 306 2183 325 ,
2213 289 2337 328 neque
2365 288 2472 312 comc-

1370 361 1396 380 ,‚
1423 332 1530 381 pellit
1550 333 1755 369 Virtutem.
1785 327 1897 367 Unde
1927 329 2210 381 praedestinatio
2238 343 2314 368 non
2343 327 2474 368 exclu-

1370 414 1396 434 ,‚
1425 385 1551 422 ditur.
1573 385 1598 404 ‘⁴

1425 437 1516 475 255.
1545 436 1621 473 Ob.
1653 434 1722 472 uit.
1752 434 1882 473 Sanct.
1905 431 2134 487 Augustinus
2163 446 2282 486 quam
2311 434 2475 487 saepissi-

1371 503 1432 527 me
1452 489 1557 528 docet
1574 518 1584 536 ,
1616 486 1693 525 Dei
1722 500 1808 525 esse
1828 501 1969 526 vocare
1985 519 1995 536 ,
2024 497 2205 526 nostrum
2225 496 2363 525 autem
2383 500 2476 525 con-

1371 547 1516 579 sentire
1547 540 1672 593 (Lib.
1695 541 1724 578 l.
1754 541 1801 578 ad
1822 541 1998 593 Simplic.
2029 551 2163 594 quaest.
2187 554 2223 579 2.
2249 541 2288 578 ⁴&
2308 539 2355 578 de
2383 545 2477 591 spir.

1372 603 1422 635 Θ
1450 596 1523 632 litt.
1553 608 1638 646 cap.
1661 594 1724 639 54.
1756 594 1799 641 );
1837 595 1886 634 <9⁴
1916 594 2049 632 liberoe
2077 595 2264 632 voluntati
2292 606 2378 631 esse
2406 591 2479 630 ad-

1374 646 1620 686 scribendum
1640 676 1650 694 ‚
1682 646 1781 697 quod
1810 647 2181 695 aequalitentationi
2209 660 2310 684 unus
2339 646 2478 694 cedat,

1374 705 1535 739 resistat
1564 701 1666 737 alter
1698 703 1713 751 (
1743 699 1832 737 Lib.
1854 699 1943 738 XlI.
1973 699 2021 738 de
2051 704 2120 740 civ.
2150 699 2227 739 Dei
2256 715 2289 739 c.
2310 699 2350 738 6.
2380 700 2394 749 )
2425 708 2481 737 at-

1373 755 1443 807 qui
1472 755 1500 792 si
1532 752 1614 791 haec
1647 766 1734 791 vera
1763 761 1844 790 suut
1862 782 1871 799 ,
1920 766 1993 791 non
2022 763 2140 805 potest
2169 755 2274 792 Deus
2304 754 2477 791 futurum

1373 816 1510 845 nostrae
1540 805 1741 845 voluntatis
1770 818 1989 844 consensum
2019 808 2057 844 in
2086 808 2162 844 suis
2191 807 2349 844 decretis
2379 820 2478 858 prae-

1372 861 1524 900 videre:
1555 860 1741 911 praevidet
1770 871 1857 911 ergo
1886 871 1953 911 per
1981 860 2177 897 scientiam
2207 860 2400 898 mediam.

1432 914 1522 959 254.
1554 913 1665 965 Resp.
1686 913 1733 950 ad
1748 921 1912 950 mentem
1929 912 1969 950 S.
1988 912 2370 963 Augustininostrum
2392 914 2481 966 qui-

1373 967 1462 1004 dem
1493 980 1568 1003 esse
1593 967 1805 1004 >consentire
1835 966 2024 1003 vocationi
2054 966 2155 1013 Dei,
2204 966 2254 1003 ita
2284 975 2410 1003 tamen
2442 975 2482 1005 ut

1378 1033 1578 1057 consensus
1621 1021 1700 1071 ipse
1729 1020 1769 1055 in
1801 1018 1909 1056 nobis
1939 1018 2005 1055 fiat
2041 1033 2062 1055 a
2091 1018 2210 1069 gratia
2229 1047 2239 1066 ,
2287 1012 2362 1056 nou
2391 1029 2430 1056 nt
2460 1034 2484 1057 a

1377 1072 1486 1110 nobis
1505 1072 1591 1110 solis
1622 1085 1689 1123 pro
1709 1072 1837 1109 innata
1859 1079 1981 1108 nostra
2001 1070 2173 1108 libertate
2193 1073 2338 1109 oriatur
2352 1096 2366 1110 -.
2395 1071 2482 1110 Nos

1377 1127 1581 1172 volumus,
1619 1126 1744 1177 inquit
1771 1124 1811 1162 S.
1841 1124 1983 1161 Doctor
2011 1122 2059 1161 cle
2088 1123 2189 1161 dono
2217 1137 2363 1174 perses.
2394 1139 2483 1177 cap.

1386 1180 1446 1218 15.
1475 1178 1544 1216 sed
1573 1176 1683 1216 Deus
1712 1181 1751 1214 ιή
1781 1174 1891 1214 nobis
1921 1185 2112 1226 operatur
2139 1177 2188 1217 ἔθ’
2218 1178 2339 1216 velle.
2396 1177 2483 1216 Nos

1376 1243 1620 1283 operamur,
1658 1229 1728 1268 sed
1759 1229 1867 1266 Deus
1895 1232 1936 1266 in
1964 1227 2074 1267 nobis
2101 1240 2288 1281 operatur
2315 1231 2364 1271 (θ’
2393 1244 2484 1283 ope-

1379 1289 1464 1323 rari
1491 1298 1560 1335 pro
1589 1283 1693 1320 bona
1723 1283 1950 1319 voluntate.
1994 1282 2084 1320 Hoc
2111 1281 2222 1320 nobis
2250 1283 2407 1333 expeciit
2435 1284 2486 1323 (9¹

1380 1338 1569 1385 credere,
1598 1338 1647 1377 ἔθ’
1678 1334 1839 1379 clicere5
1868 1334 1938 1372 ἧσο
1967 1343 2027 1372 est
2054 1339 2160 1385 pium
2183 1365 2194 1381 ,
2223 1333 2294 1373 hoc
2324 1348 2488 1385 verum,

1380 1401 1422 1428 ut
1450 1394 1498 1428 sit
1526 1389 1684 1426 humilis
1701 1418 1711 1436 ,
1740 1388 1789 1428 (9⁴
1819 1386 2016 1425 submissa
2045 1385 2270 1438 confessio,
2300 1388 2349 1428 ὢ
2378 1387 2490 1426 detur

1383 1453 1507 1481 toturn
1537 1442 1624 1480 Deo
1643 1469 1652 1479 .
1682 1441 1730 1479 Et
1759 1441 1807 1478 tle
1834 1445 1971 1494 gratia
1999 1441 2048 1481 (9¹
2076 1441 2139 1478 lib.
2169 1439 2254 1478 arb.
2285 1455 2318 1479 c.
2343 1455 2406 1479 21.
2436 1440 2491 1479 A·

1382 1501 1438 1549 git
1466 1500 1715 1545 omnipotens
1736 1493 1847 1532 Deus
1875 1498 1914 1531 in
1936 1493 2113 1532 cordibus
2133 1493 2336 1531 hominum
2365 1498 2491 1532 etiam

1384 1560 1538 1588 motum
1568 1549 1778 1586 voluntatis
1805 1561 1942 1594 eorum
1959 1577 1970 1595 ,
1999 1557 2040 1584 ut
2068 1561 2137 1598 per
2166 1561 2232 1585 eos
2260 1556 2360 1600 agat
2389 1545 2491 1600 quod

1384 1617 1453 1655 per
1481 1616 1546 1641 eos
1575 1614 1698 1655 agere
1727 1604 1808 1652 ipse
1829 1602 2012 1638 coluerit.
2043 1601 2225 1651 Idemque
2254 1601 2354 1654 saepe
2383 1615 2493 1653 repe-

1385 1660 1454 1705 tit,
1503 1666 1542 1694 ut
1571 1655 1683 1707 plane
1712 1655 1850 1706 integri
1879 1653 2119 1692 exscribendi
2159 1653 2268 1691 nobis
2296 1662 2417 1691 essent
2445 1652 2494 1691 li-

1385 1710 1447 1747 bri
1466 1739 1476 1754 ,
1507 1711 1538 1745 si
1566 1709 1696 1745 omnia
1725 1707 1801 1743 linc
1827 1708 2039 1758 spectantia
2068 1707 2203 1744 afferre
2233 1706 2447 1744 vellemus.

1390 1787 1393 1790 -
1443 1760 1535 1798 255.
1557 1760 1659 1796 ‘Cum
1691 1768 1817 1796 autem
1860 1759 1980 1805 dicit,
2031 1758 2217 1795 voluntati
2246 1772 2322 1797 esse
2352 1760 2493 1797 adscri-

1387 1813 1584 1859 bendum,
1633 1812 1736 1862 quod
1765 1810 1909 1862 aequali
1951 1812 2146 1848 tentationi
2190 1825 2288 1849 unus
2317 1813 2495 1862 resistat,

1388 1865 1482 1904 alter
1510 1865 1618 1903 cedat
1636 1893 1645 1911 ‚
1674 1861 1844 1920 loquitur
1863 1863 1909 1900 de
1938 1877 2052 1900 causa
2073 1865 2247 1912 proxima
2267 1893 2277 1910 ,
2307 1878 2395 1914 quae
2416 1878 2497 1902 cer-

1388 1929 1422 1957 te
1451 1926 1505 1956 est
1534 1916 1707 1956 voluntas
1725 1942 1734 1953 .
1764 1915 1839 1953 Sed
1859 1915 1934 1952 alia
1961 1925 2014 1952 est
2034 1929 2147 1952 causa
2167 1915 2278 1953 altius
2301 1918 2497 1970 requiren-

1389 1973 1436 2010 da
1452 2000 1462 2018 ,
1491 1983 1561 2008 cur
1587 1968 1760 2006 voluntas
1779 1968 1911 2018 gratia:
1942 1970 2174 2006 consentiens
2193 1971 2391 2009 tentationi
2420 1984 2498 2009 non

1390 2025 1523 2068 cedat3
1553 2021 1585 2056 ὅ(
1615 2019 1699 2058 haec
1717 2050 1726 2068 ,
1759 2021 1972 2072 Augustino
1999 2022 2152 2060 docente
2169 2051 2178 2068 ,
2209 2035 2282 2060 non
2313 2032 2392 2071 est,
2420 2024 2498 2064 nisi

1388 2077 1566 2114 divinum
1607 2074 1828 2112 decretum.
1876 2073 1998 2111 Multi
2041 2073 2235 2122 audiunt,
2283 2076 2408 2127 inquit
2450 2075 2499 2114 cle

1387 2129 1571 2181 praedest.
1598 2127 1740 2164 Sanct.
1769 2140 1857 2179 cap.
1878 2127 1945 2174 6.‚
1990 2125 2144 2164 verbum
2183 2131 2383 2172 werimum
2430 2128 2501 2166 sed
2543 2135 2548 2138 “

1389 2184 1461 2221 alii
1489 2180 1678 2228 credunt,
1710 2180 1780 2218 alli
1800 2180 2106 2217 contradicunt.
2140 2177 2283 2217 Volunt
2312 2194 2405 2232 ergo
2433 2184 2498 2218 isti

1391 2235 1578 2283 credere,
1608 2235 1744 2272 nolunt
1773 2241 1910 2270 autem
1940 2234 2019 2270 illi.
2072 2232 2169 2280 Quis
2199 2233 2267 2270 lzoc
2305 2232 2498 2286 ignoret?

1391 2294 1475 2340 quis
1504 2287 1573 2326 hoc
1600 2284 1758 2340 neget?
1801 2285 1879 2324 Sed
1908 2298 1998 2322 cum
2027 2286 2118 2323 aliis
2146 2297 2421 2336 praeparetur,
2452 2301 2497 2325 a·

1391 2345 1452 2381 liis
1480 2355 1561 2379 non
1589 2348 1838 2391 praep-aretur
1866 2340 2044 2377 voluntas
2073 2353 2100 2376 a
2120 2338 2323 2388 Domino,
2354 2340 2500 2378 discer-

1390 2395 1565 2433 nendum
1597 2403 1655 2431 est·
1683 2398 1839 2443 utique,
1886 2392 1977 2443 quid
2014 2396 2145 2431 veniat
2187 2393 2236 2432 (le
2278 2396 2500 2432 misericor·-

1392 2448 1460 2487 dia
1477 2478 1488 2497 ,
1517 2446 1608 2500 quid
1636 2446 1684 2485 de
1705 2445 1882 2499 judicio-

1527 2553 1734 2593 Solvuntur
1762 2547 2000 2606 objectiones
2029 2566 2081 2591 ex
2110 2554 2151 2592 S.
2185 2553 2221 2591 T
2220 2553 2370 2592 lzoma.

1452 2662 1544 2701 256.
1575 2661 1650 2700 Oh.
1679 2661 1831 2713 primo.
1879 2660 1920 2699 S.
1950 2658 2117 2698 Thomas
2161 2659 2198 2698 5.
2228 2658 2270 2697 Ρ.
2300 2674 2340 2712 q.
2367 2672 2399 2696 1.
2429 2667 2502 2699 art·

1395 2715 1434 2753 ⁴5.
1465 2717 1511 2753 ad
1543 2730 1579 2753 2.
1610 2716 1772 2753 referens
1800 2714 1919 2753 verba
1938 2743 1949 2762 ,
1979 2712 2120 2765 quibus
2141 2713 2183 2751 S.
2203 2713 2433 2764 Augustinus
2454 2712 2501 2750 (ie

1400 2769 1501 2805 dono
1529 2781 1676 2818 persev-
1707 2782 1792 2819 cap.
1814 2781 1854 2819 9.
1898 2767 2063 2819 Tyrios,
2111 2766 2145 2802 δε
2175 2766 2347 2804 Sidonios
2377 2766 2501 2816 poeni-

1397 2824 1550 2859 tentiam
1570 2820 1828 2859 infallibiliter
1847 2829 1996 2859 acturos
2025 2820 2140 2857 fuisse
2157 2820 2311 2865 asserit,
2342 2818 2371 2854 si
2393 2817 2502 2855 Chri-

1400 2875 1445 2911 sti
1475 2873 1664 2912 miracula
1693 2874 1895 2921 vidissent,
1934 2874 2009 2912 ait:
2055 2872 2216 2923 proinde
2243 2883 2324 2907 non
2353 2879 2410 2907 est·
2440 2884 2502 2908 vo-

1400 2928 1534 2975 lentis,
1564 2940 1690 2978 neque
1718 2931 1937 2976 currentis,
1966 2926 2036 2964 sect
2065 2928 2288 2961 miserentis
2308 2922 2409 2971 Dei,
2439 2927 2503 2974 qui

1402 2979 1458 3017 lis
1476 3010 1486 3028 ,
1534 2993 1628 3030 quos
1657 2981 1857 3030 praevidit,
1903 2985 1936 3017 si
1965 2977 2071 3030 apud
2099 2989 2164 3013 eos
2180 2977 2309 3028 sizfcta
2338 2986 2504 3026 essent,

1400 3038 1481 3070 suis
1510 3035 1714 3070 miraculis
1744 3034 1982 3079 credituros,
2026 3029 2160 3080 quibus
2191 3031 2302 3068 voluit
2321 3061 2332 3079 ,
2374 3030 2504 3068 subve-

1401 3092 1489 3130 m't5
1518 3087 1606 3123 aliis
1636 3096 1769 3124 <tutem
1791 3100 1867 3123 nou
1897 3084 2096 3130 subvenit,
2127 3082 2174 3121 (le
2203 3082 2335 3134 quibus
2364 3087 2405 3120 in
2425 3095 2502 3121 sua

1401 3139 1750 3190 praedestinatione
1780 3139 1928 3177 occulte
1955 3135 2110 3188 quidem
2128 3167 2138 3186 ,
2167 3137 2237 3175 secl
2265 3137 2375 3174 aliud
2397 3138 2506 3189 juste

1397 3193 1586 3245 judicat-it
1603 3219 1613 3230 .

1461 3246 1550 3295 237.
1583 3246 1692 3297 Hesp.
1722 3245 1780 3283 his
1809 3244 1933 3282 verbis
1961 3242 2082 3281 solum
2111 3244 2346 3296 significari,
2376 3243 2504 3280 Deum

1406 3300 1667 3351 praescivisse,
1715 3299 1874 3351 quinam
1911 3298 1986 3335 suis
2014 3297 2212 3337 miraculis
2257 3304 2372 3348 essent
2399 3291 2503 3331 ouini

2359 3357 2451 3386 tem-
