2577 3633
311 164 365 211 32

244 246 281 283 ci
300 274 309 291 ,
339 250 390 279 est
409 234 732 292 complementum
754 238 901 275 naturae
919 265 929 284 ,
959 227 993 271 8<
1013 233 1251 279 substantiae5
1281 238 1350 271 un-

242 297 289 333 de
317 296 384 347 qui
412 305 610 346 personam
626 293 743 340 dicit,
773 293 886 328 etiam
907 288 1115 334 indirecte,
1145 285 1351 339 &oblique

240 348 487 386 substantiam
507 345 717 398 indigitat,
759 357 833 388 non
862 351 987 379 tamen
1014 341 1177 387 directe,
1217 338 1250 375 δι
1280 354 1348 392 per

242 415 282 440 se
298 431 308 450 ,
338 401 447 453 quasi
476 412 636 451 persona
654 398 699 435 sit
730 398 812 450 ipsa
831 394 1035 434 substantia
1051 419 1062 430 .
1092 393 1174 431 Hac
1192 392 1239 430 de
1258 407 1349 431 cau-

241 468 283 492 sa
310 454 449 492 divinis
479 451 744 505 multiplicatis
783 449 950 501 personis
978 460 1129 484 necesse
1164 459 1240 485 non
1269 455 1348 496 est,

242 509 357 545 etiam
383 515 561 545 naturam
589 502 867 556 multiplicari3
909 501 1001 554 quia
1028 513 1117 538 cum
1147 501 1215 538 ista
1242 500 1350 538 abso-

243 560 322 599 lute
350 560 497 599 infinita
524 559 596 606 sit,
643 572 665 594 a
693 557 814 594 tribus
849 554 1035 592 distinctis
1076 553 1321 591 subsistentiis
1338 582 1349 601 ,

242 628 310 652 seu
338 615 506 666 personis
534 610 730 649 terminari
761 617 903 660 potest.

299 667 391 712 224.
421 667 510 703 inst.
541 665 674 701 tertio.
722 661 808 699 Vox
837 661 905 699 illa
931 658 1042 698 Deus
1069 672 1268 712 personam
1298 660 1348 697 si-

241 720 428 772 gnificat5
469 731 607 755 nomen
636 717 735 753 enim
766 715 839 753 Dei
881 723 932 752 est
959 722 1172 753 concretum
1191 743 1207 761 ,.
1248 713 1348 765 quod

241 787 316 810 uon
344 780 487 809 tantum
520 771 681 808 formam
698 799 709 818 ,
746 769 811 806 sed
839 770 952 806 etiam
980 766 1196 818 subjectum
1226 765 1348 804 invol—

243 827 321 864 vit:
350 824 384 861 &
413 824 573 862 ulterius
602 832 659 861 est
688 835 837 860 nomen
865 823 960 860 entis
987 820 1272 873 perfectissimi,
1302 832 1346 856 ac

241 891 436 916 summum
466 879 674 930 imperium
704 875 905 921 habenti33
932 875 1125 927 imperare
1154 882 1278 910 autem
1299 872 1346 909 ad

241 945 442 985 personam
471 931 653 983 pertinet:
682 943 770 981 ergo
797 930 827 967 si
855 938 925 967 tres
946 937 1029 966 suut
1057 928 1200 965 divinae
1223 938 1347 977 perso—

241 1000 332 1033 nae,
369 994 442 1022 tres
466 997 622 1037 quoque
649 992 759 1021 erunt
790 982 882 1029 Dii3
924 980 957 1017 8<
988 994 1075 1019 cum
1106 979 1176 1017 hoc
1206 981 1251 1016 sit
1279 978 1346 1015 ab-

242 1040 429 1087 surdum,
470 1037 679 1076 absurdum
715 1049 869 1089 quoque
907 1036 976 1073 erit
1003 1034 1228 1086 mysterium
1259 1031 1345 1070 Tri-

240 1094 368 1130 nitatis
385 1118 395 1130 .

296 1146 388 1185 225.
419 1142 531 1197 Resp.
559 1144 645 1182 dist.
675 1140 768 1194 maj.
801 1141 885 1180 Vox
916 1140 982 1179 illa
1012 1138 1122 1178 Deus
1149 1150 1346 1191 personam

240 1199 453 1251 significat,
482 1199 512 1235 si
541 1198 737 1235 dumtaxat
756 1196 960 1234 secundum
990 1194 1144 1231 rationis
1164 1192 1346 1231 naturalis

241 1252 372 1290 lumen
392 1251 627 1302 intelligatur
642 1280 652 1297 ,
683 1262 795 1287 conc.
811 1264 827 1293 ,-
855 1250 883 1285 si
906 1256 1075 1285 sumatur
1093 1246 1265 1284 adhibito
1284 1260 1345 1283 su—

239 1319 368 1357 pernae
385 1303 624 1342 revelationis
638 1301 783 1340 lumine
799 1331 809 1349 ,
839 1299 1029 1344 subtlist.;
1058 1300 1245 1350 significat
1261 1313 1345 1350 per-

239 1371 367 1395 sonam
398 1357 713 1403 indeterminate,
743 1354 777 1390 &
805 1354 986 1400 confuse,
1027 1364 1141 1388 conc.
1171 1352 1347 1388 determi-

239 1420 326 1448 nate
354 1411 387 1447 8<
418 1409 621 1461 explicite,
652 1420 774 1458 nego.
804 1406 901 1443 Cum
932 1406 1156 1457 mysterium
1178 1402 1346 1440 Trinita-

237 1464 286 1500 tis
315 1476 386 1502 nou
407 1464 549 1500 ratione
565 1491 576 1509 ‚
605 1461 665 1498 sed
687 1461 819 1498 divina
838 1457 1090 1506 revelatione,
1120 1458 1346 1505 innotescat,

238 1515 336 1555 hanc
353 1547 363 1565 ,
392 1529 465 1554 non
495 1514 605 1553 illam
627 1513 810 1551 debemus
830 1512 1026 1550 consulere
1043 1538 1053 1549 .
1081 1511 1275 1558 Quocirca
1295 1517 1346 1547 et-

236 1569 351 1608 iamsi
381 1569 464 1607 haec
493 1580 566 1607 vox
587 1566 696 1605 Deus
716 1565 936 1606 naturaliter
956 1566 1122 1603 divinam
1146 1577 1347 1616 personam

237 1631 439 1672 connotet,
476 1623 568 1675 quia
594 1629 723 1659 tamen
751 1620 882 1658 divina
912 1618 1090 1657 revelatio
1119 1630 1184 1655 nos
1213 1617 1345 1665 docet,

237 1686 312 1714 tres
341 1691 416 1715 esse
446 1678 483 1714 in
514 1676 661 1714 Deitate
691 1687 890 1726 personas,
928 1673 1055 1710 audito
1083 1670 1153 1709 hoc
1193 1672 1347 1708 nomine

238 1729 380 1778 Deus,
417 1729 477 1768 vel
507 1738 619 1767 totam
648 1727 876 1764 Trinitatem
905 1725 1183 1775 intelligimus,
1227 1723 1286 1761 vel
1317 1726 1348 1761 si

242 1795 359 1820 unam
390 1795 588 1833 personam
617 1781 863 1817 determinate
892 1778 1094 1824 volumus,
1124 1790 1268 1812 necesse
1298 1785 1349 1813 est

241 1834 389 1887 aliquid
419 1834 582 1880 addere,
610 1831 798 1878 dicendo,
828 1829 938 1867 Deus
967 1829 1115 1876 Pater,
1153 1828 1210 1865 rel
1238 1827 1349 1865 Deus

242 1887 363 1925 Filius
391 1885 462 1924 &c.
501 1885 574 1924 Sed
604 1883 688 1921 haec
716 1884 846 1921 omnia
875 1882 1037 1920 clariora
1067 1882 1159 1920 fient
1189 1894 1232 1917 ex
1263 1880 1346 1929 his,

241 1955 331 1993 quae
362 1941 399 1978 in
428 1939 594 1990 sequenti
625 1937 893 1976 Dissertatione
923 1950 998 1974 una
1027 1949 1114 1972 eum
1144 1932 1348 1985 'Theologis

241 1992 483 2032 Scholasticis
510 1992 557 2028 de
584 1989 881 2041 processionibus
899 2018 908 2035 ,
947 1987 1217 2035 relationibus,
1258 1987 1349 2024 sub-

241 2046 444 2092 sistentiis,
488 2045 680 2095 personis,
724 2041 999 2079 &notionibus
1039 2041 1182 2080 divinis
1210 2040 1352 2078 dicturi

239 2112 371 2138 sumus
401 2097 463 2148 (a)
481 2122 492 2134 .

537 2192 949 2238 DISSERTATIO
995 2191 1051 2235 ΙΙ.

251 2309 452 2364 Quaedam
497 2307 658 2347 breviter
699 2321 751 2345 ex
781 2306 1033 2345 Scholasticis
1073 2302 1349 2355 quaestionibus

296 2363 518 2402 delibantur
538 2393 548 2411 ,
596 2361 651 2399 ad
678 2359 979 2414 intelligendum
1011 2357 1215 2397 Trinitatis
1257 2371 1349 2411 my-

298 2422 461 2456 sterium
492 2419 750 2454 necessaria.

302 2499 505 2566 1.Petrus
532 2522 685 2575 Faydit.
703 2552 713 2570 ,
761 2520 853 2559 olim
895 2518 1055 2559 celebris
1088 2518 1352 2570 Congregatio-

244 2579 302 2616 nis
330 2577 495 2615 Oratorii
526 2578 565 2614 in
587 2575 718 2614 Gallia
746 2575 922 2612 alumnus
939 2604 949 2623 ,
976 2573 1043 2611 sed
1071 2581 1195 2624 postea
1223 2573 1272 2609 ab
1293 2586 1353 2608 ea·-

245 2631 334 2668 dem
350 2629 526 2682 expulsus
538 2660 548 2676 ,
578 2632 616 2667 in
630 2629 793 2682 quodam
810 2628 911 2665 libro
927 2639 1116 2678 anonymo
1132 2639 1193 2662 an.
1215 2623 1329 2677 1696.
1341 2655 1352 2672 ,

248 2685 312 2721 cui
340 2682 469 2721 titulus
501 2683 721 2720 Alteration
750 2681 801 2718 <lu
830 2680 972 2733 dogme
1000 2680 1241 2732 theologique
1278 2689 1352 2726 par

247 2737 290 2774 Ia
309 2734 551 2788 Plzilosoplzie
570 2735 605 2774 d’
623 2736 811 2785 Aristote,
840 2733 1091 2774 scholasticos
1107 2762 1118 2783 ,
1146 2734 1353 2786 ipsumque

298 2916 343 2949 (a)
372 2909 475 2951 Hanc,
508 2913 539 2942 ὃς
564 2908 631 2942 alia
657 2907 869 2954 sophismata
894 2905 1094 2952 hujusmodi
1133 2905 1168 2939 in
1194 2913 1351 2940 veterum

254 2958 527 2990 sabellianorum
551 2957 685 2989 officina
718 2954 855 3000 jamdiu
891 2955 1062 2988 fabriCata
1088 2965 1107 2985 a
1133 2953 1267 2986 Sanctis
1292 2953 1355 2985 Pa-

252 3004 365 3035 tribus
391 3004 536 3036 feliciter
561 3004 702 3046 explosa
729 3003 848 3041 fuere,
888 3010 928 3034 ut
954 3001 1064 3033 multa
1101 2998 1293 3032 eruditione
1317 3010 1355 3031 o·

255 3048 380 3081 stendit
416 3049 497 3081 Nat.
524 3047 720 3082 Alexander
755 3049 904 3081 Dissert.
933 3047 1049 3081 XXV.
1087 3046 1122 3078 in
1148 3046 1270 3077 Saeczil.
1297 3043 1356 3077 Ill.

253 3092 335 3126 Vid.
361 3095 463 3127 etiam
490 3096 523 3127 S.
550 3095 703 3127 Thomas
730 3102 803 3127 tum
832 3096 857 3126 1.
879 3094 912 3126 P.
940 3095 974 3126 in
1000 3100 1123 3137 quaest.
1148 3092 1191 3125 de
1210 3091 1358 3130 Trinit.,

255 3147 333 3172 tum
365 3141 468 3171 etiam
505 3140 564 3173 lib.
593 3143 651 3174 lV.
677 3142 775 3173 Cant.
803 3141 906 3173 Gent.
946 3139 1119 3184 praecipue
1153 3149 1227 3182 cap.
1254 3149 1288 3182 9.
1326 3140 1357 3169 ἃς

255 3197 327 3229 seq.
364 3185 452 3216 Novi
481 3185 664 3219 Sabelliani
690 3185 827 3220 easdem
855 3188 923 3218 fere
951 3186 1105 3230 argutias
1134 3192 1356 3228 proponunt3

254 3232 348 3263 inter·
366 3242 449 3274 quos
477 3239 601 3274 pra’ter
619 3233 787 3264 Crellium
812 3233 978 3265 excelluit
1003 3229 1112 3265 Andr.
1129 3230 1358 3263 NVissovatius

256 3277 429 3310 Polontis:
458 3284 577 3308 eontra
602 3288 704 3319 quem
729 3279 840 3310 Guill.
867 3276 1083 3311 Gottefridus
1104 3277 1298 3309 Leibnitius
1322 3287 1360 3308 o-

257 3323 442 3367 pusculum
468 3320 576 3353 edidit
605 3323 831 3365 inscriptum:
865 3325 1095 3356 Sacrosancta
1119 3322 1276 3357 Trinitas
1299 3333 1360 3365 per

261 3382 343 3403 ηωνα
368 3375 564 3412 argumenta
588 3370 704 3412 logica
728 3368 894 3412 defensa.
925 3369 1026 3413 1671.
1052 3370 1086 3401 in
1116 3379 1168 3401 12.

1037 143 1447 197 DissssttrAfrro
1471 149 1504 194 Ι.
1535 146 1665 194 CAP.
1689 141 1745 191 V.

1418 244 1548 268 eorum
1578 228 1792 282 principem
1822 224 1864 263 S·
1893 222 2035 265 Thom-
2063 226 2231 280 indignis
2271 227 2396 269 modis
2424 228 2525 270 exci-

1417 285 1498 335 pit,
1536 283 1644 335 quasi
1674 279 1744 318 SS.
1773 278 1975 317 Trinitatis
2005 285 2231 332 mysterium
2261 284 2363 322 foede
2392 297 2524 323 corru-

1416 338 1539 388 perint
1568 331 1718 373 entibus
1745 336 1826 370 suis
1850 331 2139 385 metaphysicis
2155 362 2165 382 ,
2193 337 2244 376 (θ’
2273 338 2410 390 logicis
2426 367 2436 386 ,
2465 347 2527 375 re*-

1416 387 1646 436 lationibus,
1675 383 1974 436 proprietatibus
1993 387 2187 436 relativis,
2217 390 2369 441 modis,
2399 390 2524 429 modi·-

1402 440 1668 496 ficationibus
1683 468 1694 488 ,
1723 442 1939 487 concretis,
1967 441 2314 491 personalitatibus
2330 472 2342 491 ,
2369 449 2438 483 viis
2467 449 2525 482 in·

1418 496 1618 542 tellectus,
1649 504 1699 530 ac
1721 493 1956 540 voluntatis,
1987 491 2206 542 attributis,
2235 494 2384 534 actibus
2403 501 2525 536 notio-

1418 547 1596 595 nalibus,
1626 544 1935 583 distinctionibus
1954 545 2202 596 virtualibus,
2232 551 2387 587 ratione
2405 555 2528 588 ratio-

1416 605 1557 638 cinata
1576 630 1586 648 ,
1615 603 1747 651 parvis
1767 597 1994 636 entitatibus
2013 604 2127 638 unius
2145 613 2328 651 persona·
2342 607 2528 653 propriis,

1413 666 1496 690 non
1523 654 1687 691 alterius
1704 682 1714 701 ,
1732 651 1886 704 formis
1916 651 2127 691 abstractis
2143 685 2155 704 ,
2182 656 2441 706 qualitatibus
2469 659 2528 694 in·-

1412 711 1622 754 trinsecis,
1669 705 1867 753 realibus,
1915 706 1964 746 &
1992 705 2283 746 subsistentibus
2323 722 2395 760 per
2422 723 2464 748 se
2493 713 2525 746 i·-

1412 773 1535 812 psas,
1564 762 1818 798 constitutivis
1847 758 2070 797 divinarum
2089 770 2375 812 person-arum,
2406 763 2527 804 subsi-

1413 818 1567 852 stentiis
1584 843 1594 862 ,
1624 816 1830 864 suppositis
1847 843 1859 861 ,
1886 813 2184 864 perseitatibus,
2214 814 2379 869 aliisque
2409 818 2444 854 id
2465 832 2528 869 ge—

1413 881 1485 905 nus
1521 867 1694 905 barbaris
1722 867 1923 915 terminis,
1970 872 2134 920 quorum
2164 866 2317 906 nullum
2360 870 2527 909 inveniri

1414 921 1508 958 dicit
1537 921 1639 973 apud
1669 919 1893 971 Apostolos,
1934 928 2147 972 eorumque
2175 921 2386 973 discipulos
2415 925 2528 962 vesti·

1413 975 1519 1025 gium
1537 1000 1546 1011 .
1577 974 1650 1012 Sed
1680 973 1802 1012 bonus
1829 972 1896 1010 ille
1915 985 1989 1011 non
2021 973 2232 1022 intellexit,
2260 973 2383 1013 multa
2411 976 2529 1015 fuisse

1411 1036 1540 1072 postea
1571 1026 1603 1062 8(
1631 1025 1851 1078 diligentius
1881 1027 2086 1079 inquisita,
2117 1027 2150 1064 ὃς
2180 1027 2360 1066 subtilius
2389 1037 2527 1068 tracta-

1413 1088 1476 1128 ta,
1506 1080 1539 1115 ἃ
1567 1081 1672 1118 novis
1693 1079 1915 1118 nominihus
1934 1079 2154 1132 appellata,
2185 1090 2224 1118 ut
2253 1079 2528 1122 haereticorum

1414 1133 1565 1171 fraudes
1593 1134 1876 1185 detegerentur,
1920 1133 2080 1184 argutias
2102 1163 2113 1181 ,
2156 1133 2190 1169 8<
2218 1133 2368 1173 tecbuae
2397 1135 2530 1174 dissol-

1411 1197 1619 1225 verentur,
1658 1187 1815 1225 Interim
1844 1186 1938 1223 dum
1966 1186 2035 1223 ille
2063 1185 2314 1224 scholasticos
2343 1189 2529 1228 immode-

1411 1249 1491 1277 rate
1520 1241 1668 1291 carpit,
1694 1252 1912 1289 novamque
1937 1239 2114 1276 semitam
2140 1239 2289 1277 calcare
2317 1240 2456 1290 audet,
2485 1243 2528 1282 in

1409 1293 1728 1330 absurdissimum
1743 1290 2020 1328 Tri-rhetiarum
2035 1302 2200 1329 errorem
2218 1291 2346 1344 lapsus
2370 1302 2424 1333 est
2440 1293 2496 1346 (b)
2509 1320 2523 1333 ο

1768 1393 2052 1434 CAPUT
2133 1396 2165 1434 Ι.

1415 1500 1479 1541 De
1494 1500 1801 1555 processionibus
1817 1500 1954 1542 divinis
1970 1528 1981 1541 .
2013 1501 2103 1542 Vici.
2125 1503 2166 1542 S.
2187 1501 2257 1544 Th.
2277 1504 2312 1544 I.
2341 1504 2386 1544 P.
2407 1519 2444 1557 q.
2463 1519 2527 1558 27·

1470 1624 1507 1649 2.
1524 1584 1794 1651 processionis
1821 1610 1976 1649 nomine
2005 1611 2261 1649 communiter
2303 1611 2530 1665 intelligitur

1410 1668 1526 1716 «origo
1554 1668 1669 1702 unius
1689 1677 1742 1702 ex
1771 1664 1876 1702 alio.
1905 1664 1970 1702 Est
1990 1672 2115 1702 autem
2147 1665 2334 1716 processio
2361 1664 2528 1717 duplex3

1416 1717 1493 1755 alia
1514 1717 1568 1754 ad
1596 1728 1716 1754 extra
1731 1748 1742 1765 ,
1772 1731 1860 1768 quae
1881 1719 1996 1755 etiam
2017 1722 2221 1755 transiens
2241 1719 2381 1756 dicitur
2397 1747 2414 1766 7
2437 1722 2527 1757 cum

1415 1783 1555 1820 nempe
1575 1770 1726 1807 effectus
1743 1799 1754 1817 ,
1784 1771 1864 1807 sive
1883 1772 2064 1807 terminus
2079 1771 2282 1821 productus
2311 1780 2416 1808 extra
2437 1785 2527 1810 cau-

1416 1836 1496 1859 sam
1513 1852 1523 1869 ,
1554 1837 1576 1860 a
1595 1835 1672 1874 qua
1687 1821 1883 1873 procedit,
1913 1823 2053 1873 positus
2084 1831 2161 1859 est.
2191 1823 2273 1860 Hoc
2288 1824 2400 1860 modo
2420 1831 2525 1862 crea-

1415 1883 1510 1911 turae
1540 1889 1561 1912 a
1591 1875 1672 1912 Deo
1701 1875 1935 1926 procedunt,
1967 1874 1999 1909 ἃ
2028 1873 2130 1913 filius
2159 1875 2197 1912 in
2228 1877 2410 1914 creaturis
2438 1891 2528 1929 pro-

1413 1928 1514 1965 cedit
1542 1942 1563 1965 a
1593 1937 1725 1979 patre.
1775 1927 1861 1965 Alia
1891 1935 1941 1965 est
1969 1929 2156 1979 processio
2182 1927 2240 1965 ad
2269 1932 2404 1978 intra,
2448 1945 2527 1982 qua.

1399 1980 1568 2033 ⁶aliquid
1597 1980 1751 2018 :ib-alio
1777 1981 1923 2029 oritur,
1971 1983 2071 2018 intra
2112 1982 2237 2033 ipsum
2267 1987 2443 2029 manens3
2490 1985 2526 2021 δε

1420 2033 1642 2085 hujusmodi
1668 2043 1755 2073 sunt
1781 2033 2001 2072 divinarum
2045 2047 2289 2086 personarum
2320 2037 2544 2087 processio--v

1417 2100 1510 2125 nes.
1564 2088 1753 2135 Quamvis
1793 2095 1919 2125 autem
1948 2100 2088 2126 nomen
2116 2091 2374 2138 processionis
2411 2089 2527 2128 soleat

1420 2139 1583 2190 Spiritui
1611 2149 1736 2178 sancto
1763 2140 1909 2188 tribui,
1941 2149 2050 2191 prout
2079 2140 2159 2191 ejus
2186 2143 2376 2192 processio
2405 2157 2427 2181 a
2457 2143 2525 2182 Fi-

1419 2192 1465 2230 lii
1492 2195 1728 2244 generatione
1756 2192 2024 2243 distinguitur,
2071 2192 2134 2230 hic
2163 2201 2290 2231 tamen
2329 2197 2494 2233 sumitur
2515 2227 2526 2246 ,

1418 2255 1530 2298 prout
1557 2247 1724 2298 designat
1741 2246 1940 2297 utriusque
1968 2245 2140 2283 Personae
2156 2246 2298 2286 diviuae
2317 2249 2503 2299 originem

1417 2313 1462 2338 ac
1491 2300 1649 2352 proinde
1679 2300 1830 2351 utrique
1857 2311 2061 2337 commune
2090 2307 2170 2338 est·

1474 2353 1512 2392 5.
1542 2353 1593 2391 Ut
1621 2361 1750 2390 autem
1779 2352 1819 2390 S.
1849 2350 1990 2391 Thom.
2020 2361 2088 2391 art.
2116 2366 2149 2391 1.
2174 2351 2379 2403 observat,
2427 2368 2528 2393 erro-

1414 2419 1477 2445 res
1505 2415 1584 2445 tam
1613 2406 1773 2444 Sabellii
1790 2436 1800 2454 ,
1829 2418 1945 2457 quam
1968 2407 2050 2444 Arii
2072 2407 2157 2444 inde
2184 2408 2256 2445 orti
2284 2417 2369 2446 sunt
2386 2437 2397 2456 ‚
2426 2409 2527 2460 quod

1420 2469 1576 2513 uterque
1597 2461 1742 2498 nonnisi
1769 2461 2044 2511 processionem
2066 2459 2120 2498 ad
2148 2469 2269 2498 extra
2295 2462 2529 2500 admitteret.

1419 2513 1534 2552 Arius
1564 2514 1667 2552 enim
1694 2513 1886 2566 ponebat,
1929 2512 2076 2552 Filium
2107 2528 2128 2551 a
2157 2513 2264 2552 Patre
2293 2514 2495 2567 procedere
2516 2544 2528 2563 ,

1420 2577 1460 2605 ut
1489 2568 1657 2620 primam
1686 2567 1770 2618 ejus
1799 2575 2042 2616 creaturam,
2079 2566 2113 2603 ἃ.
2142 2567 2328 2619 Spiritum
2358 2573 2531 2607 sanctum

1421 2622 1623 2673 procedere
1652 2636 1675 2658 a
1701 2620 1837 2669 Patre,
1885 2619 1919 2656 8(
1950 2619 2079 2669 Filio,
2122 2622 2218 2659 sicut
2246 2629 2455 2659 creaturam
2487 2634 2531 2658 u-

1419 2676 1588 2727 triusque
1605 2702 1615 2713 .
1645 2673 1838 2713 Sabellius
1866 2687 1956 2712 vero
1983 2675 2257 2726 processionem
2287 2674 2453 2722 accepit,
2475 2688 2530 2711 se-

1413 2729 1587 2767 cundum
1617 2728 1719 2781 quod
1738 2742 1853 2767 causa
1880 2728 2020 2767 dicitur
2039 2727 2240 2780 procedere
2261 2726 2299 2765 iu
2328 2725 2529 2776 eflectum,

2423 2793 2483 2817 tn-

1467 2902 1514 2944 (b)
1539 2901 1721 2938 Vindicias
1749 2901 2067 2941 Scliolasticorum,
2108 2902 2139 2932 &
2177 2900 2210 2932 S.
2239 2898 2365 2932 Thom.
2408 2907 2530 2933 contra

1422 2947 1625 2994 Fayditium
1649 2951 1719 2994 egit
1747 2950 1781 2982 P.
1807 2948 1891 2982 Cad.
1921 2947 2004 2980 Lud-
2040 2947 2140 2990 Hugo
2165 2946 2280 2990 Episc.
2308 2945 2531 2978 ptolemaidis

1425 3007 1465 3027 ex
1495 2995 1876 3029 Praeinonstratensirnn
1896 2993 2063 3032 Familia,
2087 2992 2178 3024 edito
2193 2993 2282 3025 libro
2297 3014 2307 3030 ‚
2333 2991 2386 3024 cui
2408 2991 2529 3024 titulus

1429 3041 1629 3084 Iiefiztation
1662 3045 1706 3075 du
1733 3051 1888 3086 systeme
1913 3043 1955 3073 de
1984 3038 2033 3071 M
2071 3040 2204 3071 l’Abte
2241 3038 2378 3082 Frtrdit
2416 3051 2470 3070 sur
2495 3040 2530 3070 la

1427 3087 1561 3121 Trinite'
1586 3100 1641 3121 an.
1666 3081 1770 3131 1699]
1795 3098 1942 3131 cumque
1969 3083 2150 3129 Fayditius
2188 3086 2239 3118 sui
2276 3080 2468 3130 apologiam
2494 3095 2530 3115 e-

1427 3134 1557 3177 gisset,
1585 3136 1712 3167 iterum
1741 3136 1774 3167 P.
1802 3134 1901 3176 Hugo
1927 3142 2002 3165 eam
2030 3133 2245 3175 impugnavit
2271 3133 2338 3164 alio
2351 3142 2451 3175 opere
2477 3130 2531 3161 in-

1428 3181 1559 3223 scripto
1585 3181 1738 3224 Reponse
1766 3185 1786 3213 α’
1812 3179 2004 3222 l'apologie
2029 3180 2070 3210 cle
2096 3178 2147 3210 M.
2173 3178 2305 3211 l’Abbe‘
2327 3177 2462 3222 qudic
2475 3187 2531 3208 sur

1425 3229 1460 3260 le
1483 3235 1636 3269 turs-tere
1663 3229 1705 3259 de
1732 3230 1767 3261 la
1793 3225 1927 3258 Trinite'
1952 3237 2030 3257 ann.
2052 3235 2150 3268 ¹702·
2177 3223 2257 3256 Vid.
2285 3225 2401 3269 Dupin
2419 3222 2527 3257 Nom·-

1429 3272 1596 3306 Biblioth.
1622 3274 1684 3306 des
1711 3275 1863 3307 Antezzrs
1891 3271 2102 3306 Ecclesiam.
2130 3271 2173 3305 T.
2190 3272 2289 3305 XlX.
